%YAML 1.1
%TAG !u! tag:unity3d.com,2011:
--- !u!1 &1005796129505846
GameObject:
  m_ObjectHideFlags: 0
  m_CorrespondingSourceObject: {fileID: 0}
  m_PrefabInstance: {fileID: 0}
  m_PrefabAsset: {fileID: 0}
  serializedVersion: 6
  m_Component:
  - component: {fileID: 4397664459978470}
  m_Layer: 0
  m_Name: point3
  m_TagString: Untagged
  m_Icon: {fileID: -5442936267250999957, guid: 0000000000000000d000000000000000, type: 0}
  m_NavMeshLayer: 0
  m_StaticEditorFlags: 0
  m_IsActive: 1
--- !u!4 &4397664459978470
Transform:
  m_ObjectHideFlags: 0
  m_CorrespondingSourceObject: {fileID: 0}
  m_PrefabInstance: {fileID: 0}
  m_PrefabAsset: {fileID: 0}
  m_GameObject: {fileID: 1005796129505846}
  m_LocalRotation: {x: -0, y: -0, z: -0, w: 1}
  m_LocalPosition: {x: 0, y: 0, z: 2.5}
  m_LocalScale: {x: 1, y: 1, z: 1}
  m_Children: []
  m_Father: {fileID: 4301837239499292}
  m_RootOrder: 2
  m_LocalEulerAnglesHint: {x: 0, y: 0, z: 0}
--- !u!1 &1063254196664538
GameObject:
  m_ObjectHideFlags: 0
  m_CorrespondingSourceObject: {fileID: 0}
  m_PrefabInstance: {fileID: 0}
  m_PrefabAsset: {fileID: 0}
  serializedVersion: 6
  m_Component:
  - component: {fileID: 4532103890334010}
  m_Layer: 0
  m_Name: point2
  m_TagString: Untagged
  m_Icon: {fileID: -5442936267250999957, guid: 0000000000000000d000000000000000, type: 0}
  m_NavMeshLayer: 0
  m_StaticEditorFlags: 0
  m_IsActive: 1
--- !u!4 &4532103890334010
Transform:
  m_ObjectHideFlags: 0
  m_CorrespondingSourceObject: {fileID: 0}
  m_PrefabInstance: {fileID: 0}
  m_PrefabAsset: {fileID: 0}
  m_GameObject: {fileID: 1063254196664538}
  m_LocalRotation: {x: -0, y: -0, z: -0, w: 1}
  m_LocalPosition: {x: 1, y: 0, z: 0}
  m_LocalScale: {x: 1, y: 1, z: 1}
  m_Children: []
  m_Father: {fileID: 4089319902323184}
  m_RootOrder: 1
  m_LocalEulerAnglesHint: {x: 0, y: 0, z: 0}
--- !u!1 &1129824224793132
GameObject:
  m_ObjectHideFlags: 0
  m_CorrespondingSourceObject: {fileID: 0}
  m_PrefabInstance: {fileID: 0}
  m_PrefabAsset: {fileID: 0}
  serializedVersion: 6
  m_Component:
  - component: {fileID: 4317313974504790}
  m_Layer: 0
  m_Name: point1
  m_TagString: Untagged
  m_Icon: {fileID: -5442936267250999957, guid: 0000000000000000d000000000000000, type: 0}
  m_NavMeshLayer: 0
  m_StaticEditorFlags: 0
  m_IsActive: 1
--- !u!4 &4317313974504790
Transform:
  m_ObjectHideFlags: 0
  m_CorrespondingSourceObject: {fileID: 0}
  m_PrefabInstance: {fileID: 0}
  m_PrefabAsset: {fileID: 0}
  m_GameObject: {fileID: 1129824224793132}
  m_LocalRotation: {x: -0, y: -0, z: -0, w: 1}
  m_LocalPosition: {x: 1, y: 0, z: -2.5}
  m_LocalScale: {x: 1, y: 1, z: 1}
  m_Children: []
  m_Father: {fileID: 4089319902323184}
  m_RootOrder: 0
  m_LocalEulerAnglesHint: {x: 0, y: 0, z: 0}
--- !u!1 &1163594248393796
GameObject:
  m_ObjectHideFlags: 0
  m_CorrespondingSourceObject: {fileID: 0}
  m_PrefabInstance: {fileID: 0}
  m_PrefabAsset: {fileID: 0}
  serializedVersion: 6
  m_Component:
  - component: {fileID: 4944631697925794}
  - component: {fileID: 114721084121935272}
  m_Layer: 0
  m_Name: RoadStraight4
  m_TagString: Untagged
  m_Icon: {fileID: 0}
  m_NavMeshLayer: 0
  m_StaticEditorFlags: 0
  m_IsActive: 1
--- !u!4 &4944631697925794
Transform:
  m_ObjectHideFlags: 0
  m_CorrespondingSourceObject: {fileID: 0}
  m_PrefabInstance: {fileID: 0}
  m_PrefabAsset: {fileID: 0}
  m_GameObject: {fileID: 1163594248393796}
  m_LocalRotation: {x: 0, y: -0.7071068, z: 0, w: 0.7071068}
  m_LocalPosition: {x: 0, y: 0, z: 0}
  m_LocalScale: {x: 1, y: 1, z: 1}
  m_Children:
  - {fileID: 4301837239499292}
  - {fileID: 4089319902323184}
  - {fileID: 4682879263174324}
  - {fileID: 2995731434922288649}
  - {fileID: 8884312309351199689}
  - {fileID: 6375641942667398647}
  - {fileID: 4336385435992228196}
  - {fileID: 110865638082486422}
  - {fileID: 1696367360292132636}
  - {fileID: 9112417155206868201}
  m_Father: {fileID: 0}
  m_RootOrder: 0
  m_LocalEulerAnglesHint: {x: 0, y: -90, z: 0}
--- !u!114 &114721084121935272
MonoBehaviour:
  m_ObjectHideFlags: 0
  m_CorrespondingSourceObject: {fileID: 0}
  m_PrefabInstance: {fileID: 0}
  m_PrefabAsset: {fileID: 0}
  m_GameObject: {fileID: 1163594248393796}
  m_Enabled: 1
  m_EditorHideFlags: 0
  m_Script: {fileID: 11500000, guid: fc60884bd85fc824c923c25797d4e588, type: 3}
  m_Name: 
  m_EditorClassIdentifier: 
  pointsTransform:
  - {fileID: 4904540291547868}
  - {fileID: 4207352631195648}
  - {fileID: 4397664459978470}
  rightPointsTransform:
  - {fileID: 4317313974504790}
  - {fileID: 4532103890334010}
  - {fileID: 4215489623576166}
  leftPointsTransform:
  - {fileID: 4212362105219114}
  - {fileID: 4553993890176970}
  - {fileID: 4932509550470194}
  startDirection: 2
  endDirection: 2
  centerPoints: []
  roadModel: {fileID: 1158128497032559172}
--- !u!1 &1168544341114304
GameObject:
  m_ObjectHideFlags: 0
  m_CorrespondingSourceObject: {fileID: 0}
  m_PrefabInstance: {fileID: 0}
  m_PrefabAsset: {fileID: 0}
  serializedVersion: 6
  m_Component:
  - component: {fileID: 4207352631195648}
  m_Layer: 0
  m_Name: point2
  m_TagString: Untagged
  m_Icon: {fileID: -5442936267250999957, guid: 0000000000000000d000000000000000, type: 0}
  m_NavMeshLayer: 0
  m_StaticEditorFlags: 0
  m_IsActive: 1
--- !u!4 &4207352631195648
Transform:
  m_ObjectHideFlags: 0
  m_CorrespondingSourceObject: {fileID: 0}
  m_PrefabInstance: {fileID: 0}
  m_PrefabAsset: {fileID: 0}
  m_GameObject: {fileID: 1168544341114304}
  m_LocalRotation: {x: -0, y: -0, z: -0, w: 1}
  m_LocalPosition: {x: 0, y: 0, z: 0}
  m_LocalScale: {x: 1, y: 1, z: 1}
  m_Children: []
  m_Father: {fileID: 4301837239499292}
  m_RootOrder: 1
  m_LocalEulerAnglesHint: {x: 0, y: 0, z: 0}
--- !u!1 &1170799902504216
GameObject:
  m_ObjectHideFlags: 0
  m_CorrespondingSourceObject: {fileID: 0}
  m_PrefabInstance: {fileID: 0}
  m_PrefabAsset: {fileID: 0}
  serializedVersion: 6
  m_Component:
  - component: {fileID: 4932509550470194}
  m_Layer: 0
  m_Name: point3
  m_TagString: Untagged
  m_Icon: {fileID: -5442936267250999957, guid: 0000000000000000d000000000000000, type: 0}
  m_NavMeshLayer: 0
  m_StaticEditorFlags: 0
  m_IsActive: 1
--- !u!4 &4932509550470194
Transform:
  m_ObjectHideFlags: 0
  m_CorrespondingSourceObject: {fileID: 0}
  m_PrefabInstance: {fileID: 0}
  m_PrefabAsset: {fileID: 0}
  m_GameObject: {fileID: 1170799902504216}
  m_LocalRotation: {x: -0, y: -0, z: -0, w: 1}
  m_LocalPosition: {x: -1, y: 0, z: 2.5}
  m_LocalScale: {x: 1, y: 1, z: 1}
  m_Children: []
  m_Father: {fileID: 4682879263174324}
  m_RootOrder: 2
  m_LocalEulerAnglesHint: {x: 0, y: 0, z: 0}
--- !u!1 &1286205696723476
GameObject:
  m_ObjectHideFlags: 0
  m_CorrespondingSourceObject: {fileID: 0}
  m_PrefabInstance: {fileID: 0}
  m_PrefabAsset: {fileID: 0}
  serializedVersion: 6
  m_Component:
  - component: {fileID: 4215489623576166}
  m_Layer: 0
  m_Name: point3
  m_TagString: Untagged
  m_Icon: {fileID: -5442936267250999957, guid: 0000000000000000d000000000000000, type: 0}
  m_NavMeshLayer: 0
  m_StaticEditorFlags: 0
  m_IsActive: 1
--- !u!4 &4215489623576166
Transform:
  m_ObjectHideFlags: 0
  m_CorrespondingSourceObject: {fileID: 0}
  m_PrefabInstance: {fileID: 0}
  m_PrefabAsset: {fileID: 0}
  m_GameObject: {fileID: 1286205696723476}
  m_LocalRotation: {x: -0, y: -0, z: -0, w: 1}
  m_LocalPosition: {x: 1, y: 0, z: 2.5}
  m_LocalScale: {x: 1, y: 1, z: 1}
  m_Children: []
  m_Father: {fileID: 4089319902323184}
  m_RootOrder: 2
  m_LocalEulerAnglesHint: {x: 0, y: 0, z: 0}
--- !u!1 &1287109299666012
GameObject:
  m_ObjectHideFlags: 0
  m_CorrespondingSourceObject: {fileID: 0}
  m_PrefabInstance: {fileID: 0}
  m_PrefabAsset: {fileID: 0}
  serializedVersion: 6
  m_Component:
  - component: {fileID: 4553993890176970}
  m_Layer: 0
  m_Name: point2
  m_TagString: Untagged
  m_Icon: {fileID: -5442936267250999957, guid: 0000000000000000d000000000000000, type: 0}
  m_NavMeshLayer: 0
  m_StaticEditorFlags: 0
  m_IsActive: 1
--- !u!4 &4553993890176970
Transform:
  m_ObjectHideFlags: 0
  m_CorrespondingSourceObject: {fileID: 0}
  m_PrefabInstance: {fileID: 0}
  m_PrefabAsset: {fileID: 0}
  m_GameObject: {fileID: 1287109299666012}
  m_LocalRotation: {x: -0, y: -0, z: -0, w: 1}
  m_LocalPosition: {x: -1, y: 0, z: 0}
  m_LocalScale: {x: 1, y: 1, z: 1}
  m_Children: []
  m_Father: {fileID: 4682879263174324}
  m_RootOrder: 1
  m_LocalEulerAnglesHint: {x: 0, y: 0, z: 0}
--- !u!1 &1377995348793148
GameObject:
  m_ObjectHideFlags: 0
  m_CorrespondingSourceObject: {fileID: 0}
  m_PrefabInstance: {fileID: 0}
  m_PrefabAsset: {fileID: 0}
  serializedVersion: 6
  m_Component:
  - component: {fileID: 4301837239499292}
  m_Layer: 0
  m_Name: Line1
  m_TagString: Untagged
  m_Icon: {fileID: 0}
  m_NavMeshLayer: 0
  m_StaticEditorFlags: 0
  m_IsActive: 1
--- !u!4 &4301837239499292
Transform:
  m_ObjectHideFlags: 0
  m_CorrespondingSourceObject: {fileID: 0}
  m_PrefabInstance: {fileID: 0}
  m_PrefabAsset: {fileID: 0}
  m_GameObject: {fileID: 1377995348793148}
  m_LocalRotation: {x: 0, y: 0, z: 0, w: 1}
  m_LocalPosition: {x: 0, y: 0, z: 0}
  m_LocalScale: {x: 1, y: 1, z: 1}
  m_Children:
  - {fileID: 4904540291547868}
  - {fileID: 4207352631195648}
  - {fileID: 4397664459978470}
  m_Father: {fileID: 4944631697925794}
  m_RootOrder: 0
  m_LocalEulerAnglesHint: {x: 0, y: 0, z: 0}
--- !u!1 &1425985635793506
GameObject:
  m_ObjectHideFlags: 0
  m_CorrespondingSourceObject: {fileID: 0}
  m_PrefabInstance: {fileID: 0}
  m_PrefabAsset: {fileID: 0}
  serializedVersion: 6
  m_Component:
  - component: {fileID: 4212362105219114}
  m_Layer: 0
  m_Name: point1
  m_TagString: Untagged
  m_Icon: {fileID: -5442936267250999957, guid: 0000000000000000d000000000000000, type: 0}
  m_NavMeshLayer: 0
  m_StaticEditorFlags: 0
  m_IsActive: 1
--- !u!4 &4212362105219114
Transform:
  m_ObjectHideFlags: 0
  m_CorrespondingSourceObject: {fileID: 0}
  m_PrefabInstance: {fileID: 0}
  m_PrefabAsset: {fileID: 0}
  m_GameObject: {fileID: 1425985635793506}
  m_LocalRotation: {x: -0, y: -0, z: -0, w: 1}
  m_LocalPosition: {x: -1, y: 0, z: -2.5}
  m_LocalScale: {x: 1, y: 1, z: 1}
  m_Children: []
  m_Father: {fileID: 4682879263174324}
  m_RootOrder: 0
  m_LocalEulerAnglesHint: {x: 0, y: 0, z: 0}
--- !u!1 &1753671815128544
GameObject:
  m_ObjectHideFlags: 0
  m_CorrespondingSourceObject: {fileID: 0}
  m_PrefabInstance: {fileID: 0}
  m_PrefabAsset: {fileID: 0}
  serializedVersion: 6
  m_Component:
  - component: {fileID: 4089319902323184}
  m_Layer: 0
  m_Name: Line2
  m_TagString: Untagged
  m_Icon: {fileID: 0}
  m_NavMeshLayer: 0
  m_StaticEditorFlags: 0
  m_IsActive: 1
--- !u!4 &4089319902323184
Transform:
  m_ObjectHideFlags: 0
  m_CorrespondingSourceObject: {fileID: 0}
  m_PrefabInstance: {fileID: 0}
  m_PrefabAsset: {fileID: 0}
  m_GameObject: {fileID: 1753671815128544}
  m_LocalRotation: {x: -0, y: -0, z: -0, w: 1}
  m_LocalPosition: {x: 0, y: 0, z: 0}
  m_LocalScale: {x: 1, y: 1, z: 1}
  m_Children:
  - {fileID: 4317313974504790}
  - {fileID: 4532103890334010}
  - {fileID: 4215489623576166}
  m_Father: {fileID: 4944631697925794}
  m_RootOrder: 1
  m_LocalEulerAnglesHint: {x: 0, y: 0, z: 0}
--- !u!1 &1807743623735162
GameObject:
  m_ObjectHideFlags: 0
  m_CorrespondingSourceObject: {fileID: 0}
  m_PrefabInstance: {fileID: 0}
  m_PrefabAsset: {fileID: 0}
  serializedVersion: 6
  m_Component:
  - component: {fileID: 4682879263174324}
  m_Layer: 0
  m_Name: Line3
  m_TagString: Untagged
  m_Icon: {fileID: 0}
  m_NavMeshLayer: 0
  m_StaticEditorFlags: 0
  m_IsActive: 1
--- !u!4 &4682879263174324
Transform:
  m_ObjectHideFlags: 0
  m_CorrespondingSourceObject: {fileID: 0}
  m_PrefabInstance: {fileID: 0}
  m_PrefabAsset: {fileID: 0}
  m_GameObject: {fileID: 1807743623735162}
  m_LocalRotation: {x: -0, y: -0, z: -0, w: 1}
  m_LocalPosition: {x: 0, y: 0, z: 0}
  m_LocalScale: {x: 1, y: 1, z: 1}
  m_Children:
  - {fileID: 4212362105219114}
  - {fileID: 4553993890176970}
  - {fileID: 4932509550470194}
  m_Father: {fileID: 4944631697925794}
  m_RootOrder: 2
  m_LocalEulerAnglesHint: {x: 0, y: 0, z: 0}
--- !u!1 &1865423305557094
GameObject:
  m_ObjectHideFlags: 0
  m_CorrespondingSourceObject: {fileID: 0}
  m_PrefabInstance: {fileID: 0}
  m_PrefabAsset: {fileID: 0}
  serializedVersion: 6
  m_Component:
  - component: {fileID: 4904540291547868}
  m_Layer: 0
  m_Name: point1
  m_TagString: Untagged
  m_Icon: {fileID: -5442936267250999957, guid: 0000000000000000d000000000000000, type: 0}
  m_NavMeshLayer: 0
  m_StaticEditorFlags: 0
  m_IsActive: 1
--- !u!4 &4904540291547868
Transform:
  m_ObjectHideFlags: 0
  m_CorrespondingSourceObject: {fileID: 0}
  m_PrefabInstance: {fileID: 0}
  m_PrefabAsset: {fileID: 0}
  m_GameObject: {fileID: 1865423305557094}
  m_LocalRotation: {x: -0, y: -0, z: -0, w: 1}
  m_LocalPosition: {x: 0, y: 0, z: -2.5}
  m_LocalScale: {x: 1, y: 1, z: 1}
  m_Children: []
  m_Father: {fileID: 4301837239499292}
  m_RootOrder: 0
  m_LocalEulerAnglesHint: {x: 0, y: 0, z: 0}
--- !u!1 &32097139174005677
GameObject:
  m_ObjectHideFlags: 0
  m_CorrespondingSourceObject: {fileID: 0}
  m_PrefabInstance: {fileID: 0}
  m_PrefabAsset: {fileID: 0}
  serializedVersion: 6
  m_Component:
  - component: {fileID: 110865638082486422}
  - component: {fileID: 5735167194895211201}
  m_Layer: 11
  m_Name: Collider
  m_TagString: Untagged
  m_Icon: {fileID: 0}
  m_NavMeshLayer: 0
  m_StaticEditorFlags: 0
  m_IsActive: 1
--- !u!4 &110865638082486422
Transform:
  m_ObjectHideFlags: 0
  m_CorrespondingSourceObject: {fileID: 0}
  m_PrefabInstance: {fileID: 0}
  m_PrefabAsset: {fileID: 0}
  m_GameObject: {fileID: 32097139174005677}
  m_LocalRotation: {x: -0, y: -0, z: -1, w: 0}
  m_LocalPosition: {x: 0, y: 0, z: 0}
  m_LocalScale: {x: 1, y: 1, z: 1}
  m_Children: []
  m_Father: {fileID: 4944631697925794}
  m_RootOrder: 7
  m_LocalEulerAnglesHint: {x: 0, y: 0, z: 0}
--- !u!65 &5735167194895211201
BoxCollider:
  m_ObjectHideFlags: 0
  m_CorrespondingSourceObject: {fileID: 0}
  m_PrefabInstance: {fileID: 0}
  m_PrefabAsset: {fileID: 0}
  m_GameObject: {fileID: 32097139174005677}
  m_Material: {fileID: 0}
  m_IsTrigger: 0
  m_Enabled: 1
  serializedVersion: 2
  m_Size: {x: 3, y: 1, z: 5}
  m_Center: {x: 0, y: 0.5, z: 0}
--- !u!1 &771097077934661824
GameObject:
  m_ObjectHideFlags: 0
  m_CorrespondingSourceObject: {fileID: 0}
  m_PrefabInstance: {fileID: 0}
  m_PrefabAsset: {fileID: 0}
  serializedVersion: 6
  m_Component:
  - component: {fileID: 2995731434922288649}
  - component: {fileID: 2649289490367101881}
  - component: {fileID: 8855175272328606789}
  m_Layer: 0
  m_Name: Road1
  m_TagString: Untagged
  m_Icon: {fileID: 0}
  m_NavMeshLayer: 0
  m_StaticEditorFlags: 0
  m_IsActive: 0
--- !u!4 &2995731434922288649
Transform:
  m_ObjectHideFlags: 0
  m_CorrespondingSourceObject: {fileID: 0}
  m_PrefabInstance: {fileID: 0}
  m_PrefabAsset: {fileID: 0}
  m_GameObject: {fileID: 771097077934661824}
  m_LocalRotation: {x: 0.7071068, y: 0, z: 0, w: 0.7071068}
  m_LocalPosition: {x: 0, y: 0, z: 0}
  m_LocalScale: {x: 1.0000001, y: 5, z: 1.0000004}
  m_Children: []
  m_Father: {fileID: 4944631697925794}
  m_RootOrder: 3
  m_LocalEulerAnglesHint: {x: 90, y: 0, z: 0}
--- !u!33 &2649289490367101881
MeshFilter:
  m_ObjectHideFlags: 0
  m_CorrespondingSourceObject: {fileID: 0}
  m_PrefabInstance: {fileID: 0}
  m_PrefabAsset: {fileID: 0}
  m_GameObject: {fileID: 771097077934661824}
  m_Mesh: {fileID: 10210, guid: 0000000000000000e000000000000000, type: 0}
--- !u!23 &8855175272328606789
MeshRenderer:
  m_ObjectHideFlags: 0
  m_CorrespondingSourceObject: {fileID: 0}
  m_PrefabInstance: {fileID: 0}
  m_PrefabAsset: {fileID: 0}
  m_GameObject: {fileID: 771097077934661824}
  m_Enabled: 1
  m_CastShadows: 0
  m_ReceiveShadows: 1
  m_DynamicOccludee: 1
  m_MotionVectors: 1
  m_LightProbeUsage: 0
  m_ReflectionProbeUsage: 0
  m_RenderingLayerMask: 1
  m_RendererPriority: 0
  m_Materials:
  - {fileID: 2100000, guid: 212270c11ed8a874d9d1169f11e36dba, type: 2}
  m_StaticBatchInfo:
    firstSubMesh: 0
    subMeshCount: 0
  m_StaticBatchRoot: {fileID: 0}
  m_ProbeAnchor: {fileID: 0}
  m_LightProbeVolumeOverride: {fileID: 0}
  m_ScaleInLightmap: 1
  m_PreserveUVs: 0
  m_IgnoreNormalsForChartDetection: 0
  m_ImportantGI: 0
  m_StitchLightmapSeams: 0
  m_SelectedEditorRenderState: 3
  m_MinimumChartSize: 4
  m_AutoUVMaxDistance: 0.5
  m_AutoUVMaxAngle: 89
  m_LightmapParameters: {fileID: 0}
  m_SortingLayerID: 0
  m_SortingLayer: 0
  m_SortingOrder: 0
--- !u!1 &2159953747951183976
GameObject:
  m_ObjectHideFlags: 0
  m_CorrespondingSourceObject: {fileID: 0}
  m_PrefabInstance: {fileID: 0}
  m_PrefabAsset: {fileID: 0}
  serializedVersion: 6
  m_Component:
  - component: {fileID: 6375641942667398647}
  - component: {fileID: 7457885291534429063}
  - component: {fileID: 4023331274065454914}
  m_Layer: 0
  m_Name: Road3
  m_TagString: Untagged
  m_Icon: {fileID: 0}
  m_NavMeshLayer: 0
  m_StaticEditorFlags: 0
  m_IsActive: 1
--- !u!4 &6375641942667398647
Transform:
  m_ObjectHideFlags: 0
  m_CorrespondingSourceObject: {fileID: 0}
  m_PrefabInstance: {fileID: 0}
  m_PrefabAsset: {fileID: 0}
  m_GameObject: {fileID: 2159953747951183976}
  m_LocalRotation: {x: 0.7071068, y: 0, z: 0, w: 0.7071068}
  m_LocalPosition: {x: 1, y: 0, z: 0}
  m_LocalScale: {x: 1.0000001, y: 5, z: 1.0000004}
  m_Children: []
  m_Father: {fileID: 4944631697925794}
  m_RootOrder: 5
  m_LocalEulerAnglesHint: {x: 90, y: 0, z: 0}
--- !u!33 &7457885291534429063
MeshFilter:
  m_ObjectHideFlags: 0
  m_CorrespondingSourceObject: {fileID: 0}
  m_PrefabInstance: {fileID: 0}
  m_PrefabAsset: {fileID: 0}
  m_GameObject: {fileID: 2159953747951183976}
  m_Mesh: {fileID: 10210, guid: 0000000000000000e000000000000000, type: 0}
--- !u!23 &4023331274065454914
MeshRenderer:
  m_ObjectHideFlags: 0
  m_CorrespondingSourceObject: {fileID: 0}
  m_PrefabInstance: {fileID: 0}
  m_PrefabAsset: {fileID: 0}
  m_GameObject: {fileID: 2159953747951183976}
  m_Enabled: 1
  m_CastShadows: 0
  m_ReceiveShadows: 1
  m_DynamicOccludee: 1
  m_MotionVectors: 1
  m_LightProbeUsage: 0
  m_ReflectionProbeUsage: 0
  m_RenderingLayerMask: 1
  m_RendererPriority: 0
  m_Materials:
  - {fileID: 2100000, guid: 0189159ccb0a93b45ae4b846d94fb961, type: 2}
  m_StaticBatchInfo:
    firstSubMesh: 0
    subMeshCount: 0
  m_StaticBatchRoot: {fileID: 0}
  m_ProbeAnchor: {fileID: 0}
  m_LightProbeVolumeOverride: {fileID: 0}
  m_ScaleInLightmap: 1
  m_PreserveUVs: 0
  m_IgnoreNormalsForChartDetection: 0
  m_ImportantGI: 0
  m_StitchLightmapSeams: 0
  m_SelectedEditorRenderState: 3
  m_MinimumChartSize: 4
  m_AutoUVMaxDistance: 0.5
  m_AutoUVMaxAngle: 89
  m_LightmapParameters: {fileID: 0}
  m_SortingLayerID: 0
  m_SortingLayer: 0
  m_SortingOrder: 0
--- !u!1 &3952048438342955858
GameObject:
  m_ObjectHideFlags: 0
  m_CorrespondingSourceObject: {fileID: 0}
  m_PrefabInstance: {fileID: 0}
  m_PrefabAsset: {fileID: 0}
  serializedVersion: 6
  m_Component:
  - component: {fileID: 4336385435992228196}
  - component: {fileID: 4948102225102307365}
  - component: {fileID: 4362021079078256731}
  m_Layer: 9
  m_Name: RoadArea
  m_TagString: Untagged
  m_Icon: {fileID: 0}
  m_NavMeshLayer: 0
  m_StaticEditorFlags: 0
  m_IsActive: 1
--- !u!4 &4336385435992228196
Transform:
  m_ObjectHideFlags: 0
  m_CorrespondingSourceObject: {fileID: 0}
  m_PrefabInstance: {fileID: 0}
  m_PrefabAsset: {fileID: 0}
  m_GameObject: {fileID: 3952048438342955858}
  m_LocalRotation: {x: 0.7071068, y: 0, z: 0, w: 0.7071068}
  m_LocalPosition: {x: 0, y: -0.01, z: 0}
  m_LocalScale: {x: 3.0000005, y: 5, z: 0}
  m_Children: []
  m_Father: {fileID: 4944631697925794}
  m_RootOrder: 6
  m_LocalEulerAnglesHint: {x: 90, y: 0, z: 0}
--- !u!33 &4948102225102307365
MeshFilter:
  m_ObjectHideFlags: 0
  m_CorrespondingSourceObject: {fileID: 0}
  m_PrefabInstance: {fileID: 0}
  m_PrefabAsset: {fileID: 0}
  m_GameObject: {fileID: 3952048438342955858}
  m_Mesh: {fileID: 10210, guid: 0000000000000000e000000000000000, type: 0}
--- !u!23 &4362021079078256731
MeshRenderer:
  m_ObjectHideFlags: 0
  m_CorrespondingSourceObject: {fileID: 0}
  m_PrefabInstance: {fileID: 0}
  m_PrefabAsset: {fileID: 0}
  m_GameObject: {fileID: 3952048438342955858}
  m_Enabled: 1
  m_CastShadows: 0
  m_ReceiveShadows: 1
  m_DynamicOccludee: 1
  m_MotionVectors: 1
  m_LightProbeUsage: 0
  m_ReflectionProbeUsage: 0
  m_RenderingLayerMask: 1
  m_RendererPriority: 0
  m_Materials:
  - {fileID: 2100000, guid: 679cd02ef4678d94296f3eb95614dc04, type: 2}
  m_StaticBatchInfo:
    firstSubMesh: 0
    subMeshCount: 0
  m_StaticBatchRoot: {fileID: 0}
  m_ProbeAnchor: {fileID: 0}
  m_LightProbeVolumeOverride: {fileID: 0}
  m_ScaleInLightmap: 1
  m_PreserveUVs: 0
  m_IgnoreNormalsForChartDetection: 0
  m_ImportantGI: 0
  m_StitchLightmapSeams: 0
  m_SelectedEditorRenderState: 3
  m_MinimumChartSize: 4
  m_AutoUVMaxDistance: 0.5
  m_AutoUVMaxAngle: 89
  m_LightmapParameters: {fileID: 0}
  m_SortingLayerID: 0
  m_SortingLayer: 0
  m_SortingOrder: 0
--- !u!1 &4536943972700658456
GameObject:
  m_ObjectHideFlags: 0
  m_CorrespondingSourceObject: {fileID: 0}
  m_PrefabInstance: {fileID: 0}
  m_PrefabAsset: {fileID: 0}
  serializedVersion: 6
  m_Component:
  - component: {fileID: 9112417155206868201}
  m_Layer: 0
  m_Name: Props
  m_TagString: Untagged
  m_Icon: {fileID: 0}
  m_NavMeshLayer: 0
  m_StaticEditorFlags: 0
  m_IsActive: 1
--- !u!4 &9112417155206868201
Transform:
  m_ObjectHideFlags: 0
  m_CorrespondingSourceObject: {fileID: 0}
  m_PrefabInstance: {fileID: 0}
  m_PrefabAsset: {fileID: 0}
  m_GameObject: {fileID: 4536943972700658456}
  m_LocalRotation: {x: 0, y: 0, z: 0, w: 1}
  m_LocalPosition: {x: 0, y: 0, z: 0}
  m_LocalScale: {x: 1.0000005, y: 1, z: 1.0000005}
  m_Children:
  - {fileID: 2459891302913919506}
  m_Father: {fileID: 4944631697925794}
  m_RootOrder: 9
  m_LocalEulerAnglesHint: {x: 0, y: 0, z: 0}
--- !u!1 &6336440403498810318
GameObject:
  m_ObjectHideFlags: 0
  m_CorrespondingSourceObject: {fileID: 0}
  m_PrefabInstance: {fileID: 0}
  m_PrefabAsset: {fileID: 0}
  serializedVersion: 6
  m_Component:
  - component: {fileID: 8884312309351199689}
  - component: {fileID: 4877926602406500117}
  - component: {fileID: 2910090985805961963}
  m_Layer: 0
  m_Name: Road2
  m_TagString: Untagged
  m_Icon: {fileID: 0}
  m_NavMeshLayer: 0
  m_StaticEditorFlags: 0
  m_IsActive: 1
--- !u!4 &8884312309351199689
Transform:
  m_ObjectHideFlags: 0
  m_CorrespondingSourceObject: {fileID: 0}
  m_PrefabInstance: {fileID: 0}
  m_PrefabAsset: {fileID: 0}
  m_GameObject: {fileID: 6336440403498810318}
  m_LocalRotation: {x: 0.7071068, y: 0, z: 0, w: 0.7071068}
  m_LocalPosition: {x: -1, y: 0, z: 0}
  m_LocalScale: {x: 1.0000001, y: 5, z: 1.0000004}
  m_Children: []
  m_Father: {fileID: 4944631697925794}
  m_RootOrder: 4
  m_LocalEulerAnglesHint: {x: 90, y: 0, z: 0}
--- !u!33 &4877926602406500117
MeshFilter:
  m_ObjectHideFlags: 0
  m_CorrespondingSourceObject: {fileID: 0}
  m_PrefabInstance: {fileID: 0}
  m_PrefabAsset: {fileID: 0}
  m_GameObject: {fileID: 6336440403498810318}
  m_Mesh: {fileID: 10210, guid: 0000000000000000e000000000000000, type: 0}
--- !u!23 &2910090985805961963
MeshRenderer:
  m_ObjectHideFlags: 0
  m_CorrespondingSourceObject: {fileID: 0}
  m_PrefabInstance: {fileID: 0}
  m_PrefabAsset: {fileID: 0}
  m_GameObject: {fileID: 6336440403498810318}
  m_Enabled: 1
  m_CastShadows: 0
  m_ReceiveShadows: 1
  m_DynamicOccludee: 1
  m_MotionVectors: 1
  m_LightProbeUsage: 0
  m_ReflectionProbeUsage: 0
  m_RenderingLayerMask: 1
  m_RendererPriority: 0
  m_Materials:
  - {fileID: 2100000, guid: 0189159ccb0a93b45ae4b846d94fb961, type: 2}
  m_StaticBatchInfo:
    firstSubMesh: 0
    subMeshCount: 0
  m_StaticBatchRoot: {fileID: 0}
  m_ProbeAnchor: {fileID: 0}
  m_LightProbeVolumeOverride: {fileID: 0}
  m_ScaleInLightmap: 1
  m_PreserveUVs: 0
  m_IgnoreNormalsForChartDetection: 0
  m_ImportantGI: 0
  m_StitchLightmapSeams: 0
  m_SelectedEditorRenderState: 3
  m_MinimumChartSize: 4
  m_AutoUVMaxDistance: 0.5
  m_AutoUVMaxAngle: 89
  m_LightmapParameters: {fileID: 0}
  m_SortingLayerID: 0
  m_SortingLayer: 0
  m_SortingOrder: 0
--- !u!1 &8072948341119286908
GameObject:
  m_ObjectHideFlags: 0
  m_CorrespondingSourceObject: {fileID: 0}
  m_PrefabInstance: {fileID: 0}
  m_PrefabAsset: {fileID: 0}
  serializedVersion: 6
  m_Component:
  - component: {fileID: 2459891302913919506}
  m_Layer: 0
  m_Name: Grass
  m_TagString: Untagged
  m_Icon: {fileID: 0}
  m_NavMeshLayer: 0
  m_StaticEditorFlags: 0
  m_IsActive: 1
--- !u!4 &2459891302913919506
Transform:
  m_ObjectHideFlags: 0
  m_CorrespondingSourceObject: {fileID: 0}
  m_PrefabInstance: {fileID: 0}
  m_PrefabAsset: {fileID: 0}
  m_GameObject: {fileID: 8072948341119286908}
  m_LocalRotation: {x: 0, y: 0, z: 0, w: 1}
  m_LocalPosition: {x: 0, y: 0, z: 0}
  m_LocalScale: {x: 1, y: 1, z: 1}
  m_Children:
  - {fileID: 3590017305204628208}
  - {fileID: 1192699864005102839}
  - {fileID: 3677238361947693472}
  - {fileID: 4686057444981449004}
  - {fileID: 8797705829013828016}
  - {fileID: 5598303560939759443}
  m_Father: {fileID: 9112417155206868201}
  m_RootOrder: 0
  m_LocalEulerAnglesHint: {x: 0, y: 0, z: 0}
--- !u!1001 &1196893957922695303
PrefabInstance:
  m_ObjectHideFlags: 0
  serializedVersion: 2
  m_Modification:
    m_TransformParent: {fileID: 2459891302913919506}
    m_Modifications:
    - target: {fileID: 1055123719538216, guid: 0452b8b5dd553b6418a1a0175afbcbf2, type: 3}
      propertyPath: m_Name
      value: VG_Grass (1)
      objectReference: {fileID: 0}
    - target: {fileID: 4902188134786160, guid: 0452b8b5dd553b6418a1a0175afbcbf2, type: 3}
      propertyPath: m_LocalPosition.x
      value: -1.83
      objectReference: {fileID: 0}
    - target: {fileID: 4902188134786160, guid: 0452b8b5dd553b6418a1a0175afbcbf2, type: 3}
      propertyPath: m_LocalPosition.y
      value: 0
      objectReference: {fileID: 0}
    - target: {fileID: 4902188134786160, guid: 0452b8b5dd553b6418a1a0175afbcbf2, type: 3}
      propertyPath: m_LocalPosition.z
      value: 0.06
      objectReference: {fileID: 0}
    - target: {fileID: 4902188134786160, guid: 0452b8b5dd553b6418a1a0175afbcbf2, type: 3}
      propertyPath: m_LocalRotation.x
      value: -0
      objectReference: {fileID: 0}
    - target: {fileID: 4902188134786160, guid: 0452b8b5dd553b6418a1a0175afbcbf2, type: 3}
      propertyPath: m_LocalRotation.y
      value: 0.7071068
      objectReference: {fileID: 0}
    - target: {fileID: 4902188134786160, guid: 0452b8b5dd553b6418a1a0175afbcbf2, type: 3}
      propertyPath: m_LocalRotation.z
      value: -0
      objectReference: {fileID: 0}
    - target: {fileID: 4902188134786160, guid: 0452b8b5dd553b6418a1a0175afbcbf2, type: 3}
      propertyPath: m_LocalRotation.w
      value: 0.7071068
      objectReference: {fileID: 0}
    - target: {fileID: 4902188134786160, guid: 0452b8b5dd553b6418a1a0175afbcbf2, type: 3}
      propertyPath: m_RootOrder
      value: 1
      objectReference: {fileID: 0}
    - target: {fileID: 4902188134786160, guid: 0452b8b5dd553b6418a1a0175afbcbf2, type: 3}
      propertyPath: m_LocalEulerAnglesHint.x
      value: 0
      objectReference: {fileID: 0}
    - target: {fileID: 4902188134786160, guid: 0452b8b5dd553b6418a1a0175afbcbf2, type: 3}
      propertyPath: m_LocalEulerAnglesHint.y
      value: 90
      objectReference: {fileID: 0}
    - target: {fileID: 4902188134786160, guid: 0452b8b5dd553b6418a1a0175afbcbf2, type: 3}
      propertyPath: m_LocalEulerAnglesHint.z
      value: 0
      objectReference: {fileID: 0}
    - target: {fileID: 4902188134786160, guid: 0452b8b5dd553b6418a1a0175afbcbf2, type: 3}
      propertyPath: m_LocalScale.x
      value: 0.3000005
      objectReference: {fileID: 0}
    - target: {fileID: 4902188134786160, guid: 0452b8b5dd553b6418a1a0175afbcbf2, type: 3}
      propertyPath: m_LocalScale.y
      value: 0.3
      objectReference: {fileID: 0}
    - target: {fileID: 4902188134786160, guid: 0452b8b5dd553b6418a1a0175afbcbf2, type: 3}
      propertyPath: m_LocalScale.z
      value: 0.3000005
      objectReference: {fileID: 0}
    m_RemovedComponents: []
  m_SourcePrefab: {fileID: 100100000, guid: 0452b8b5dd553b6418a1a0175afbcbf2, type: 3}
--- !u!4 &1192699864005102839 stripped
Transform:
  m_CorrespondingSourceObject: {fileID: 4902188134786160, guid: 0452b8b5dd553b6418a1a0175afbcbf2,
    type: 3}
  m_PrefabInstance: {fileID: 1196893957922695303}
  m_PrefabAsset: {fileID: 0}
--- !u!1001 &3585752834628353664
PrefabInstance:
  m_ObjectHideFlags: 0
  serializedVersion: 2
  m_Modification:
    m_TransformParent: {fileID: 2459891302913919506}
    m_Modifications:
    - target: {fileID: 1055123719538216, guid: 0452b8b5dd553b6418a1a0175afbcbf2, type: 3}
      propertyPath: m_Name
      value: VG_Grass
      objectReference: {fileID: 0}
    - target: {fileID: 4902188134786160, guid: 0452b8b5dd553b6418a1a0175afbcbf2, type: 3}
      propertyPath: m_LocalPosition.x
      value: -1.96
      objectReference: {fileID: 0}
    - target: {fileID: 4902188134786160, guid: 0452b8b5dd553b6418a1a0175afbcbf2, type: 3}
      propertyPath: m_LocalPosition.y
      value: 0
      objectReference: {fileID: 0}
    - target: {fileID: 4902188134786160, guid: 0452b8b5dd553b6418a1a0175afbcbf2, type: 3}
      propertyPath: m_LocalPosition.z
      value: -1.73
      objectReference: {fileID: 0}
    - target: {fileID: 4902188134786160, guid: 0452b8b5dd553b6418a1a0175afbcbf2, type: 3}
      propertyPath: m_LocalRotation.x
      value: -0
      objectReference: {fileID: 0}
    - target: {fileID: 4902188134786160, guid: 0452b8b5dd553b6418a1a0175afbcbf2, type: 3}
      propertyPath: m_LocalRotation.y
      value: 0.18223558
      objectReference: {fileID: 0}
    - target: {fileID: 4902188134786160, guid: 0452b8b5dd553b6418a1a0175afbcbf2, type: 3}
      propertyPath: m_LocalRotation.z
      value: -0
      objectReference: {fileID: 0}
    - target: {fileID: 4902188134786160, guid: 0452b8b5dd553b6418a1a0175afbcbf2, type: 3}
      propertyPath: m_LocalRotation.w
      value: 0.9832549
      objectReference: {fileID: 0}
    - target: {fileID: 4902188134786160, guid: 0452b8b5dd553b6418a1a0175afbcbf2, type: 3}
      propertyPath: m_RootOrder
      value: 0
      objectReference: {fileID: 0}
    - target: {fileID: 4902188134786160, guid: 0452b8b5dd553b6418a1a0175afbcbf2, type: 3}
      propertyPath: m_LocalEulerAnglesHint.x
      value: 0
      objectReference: {fileID: 0}
    - target: {fileID: 4902188134786160, guid: 0452b8b5dd553b6418a1a0175afbcbf2, type: 3}
      propertyPath: m_LocalEulerAnglesHint.y
      value: 21
      objectReference: {fileID: 0}
    - target: {fileID: 4902188134786160, guid: 0452b8b5dd553b6418a1a0175afbcbf2, type: 3}
      propertyPath: m_LocalEulerAnglesHint.z
      value: 0
      objectReference: {fileID: 0}
    - target: {fileID: 4902188134786160, guid: 0452b8b5dd553b6418a1a0175afbcbf2, type: 3}
      propertyPath: m_LocalScale.x
      value: 0.30000016
      objectReference: {fileID: 0}
    - target: {fileID: 4902188134786160, guid: 0452b8b5dd553b6418a1a0175afbcbf2, type: 3}
      propertyPath: m_LocalScale.y
      value: 0.3
      objectReference: {fileID: 0}
    - target: {fileID: 4902188134786160, guid: 0452b8b5dd553b6418a1a0175afbcbf2, type: 3}
      propertyPath: m_LocalScale.z
      value: 0.30000016
      objectReference: {fileID: 0}
    m_RemovedComponents: []
  m_SourcePrefab: {fileID: 100100000, guid: 0452b8b5dd553b6418a1a0175afbcbf2, type: 3}
--- !u!4 &3590017305204628208 stripped
Transform:
  m_CorrespondingSourceObject: {fileID: 4902188134786160, guid: 0452b8b5dd553b6418a1a0175afbcbf2,
    type: 3}
  m_PrefabInstance: {fileID: 3585752834628353664}
  m_PrefabAsset: {fileID: 0}
--- !u!1001 &3682051467687069136
PrefabInstance:
  m_ObjectHideFlags: 0
  serializedVersion: 2
  m_Modification:
    m_TransformParent: {fileID: 2459891302913919506}
    m_Modifications:
    - target: {fileID: 1055123719538216, guid: 0452b8b5dd553b6418a1a0175afbcbf2, type: 3}
      propertyPath: m_Name
      value: VG_Grass (2)
      objectReference: {fileID: 0}
    - target: {fileID: 4902188134786160, guid: 0452b8b5dd553b6418a1a0175afbcbf2, type: 3}
      propertyPath: m_LocalPosition.x
      value: -2
      objectReference: {fileID: 0}
    - target: {fileID: 4902188134786160, guid: 0452b8b5dd553b6418a1a0175afbcbf2, type: 3}
      propertyPath: m_LocalPosition.y
      value: 0
      objectReference: {fileID: 0}
    - target: {fileID: 4902188134786160, guid: 0452b8b5dd553b6418a1a0175afbcbf2, type: 3}
      propertyPath: m_LocalPosition.z
      value: 1.76
      objectReference: {fileID: 0}
    - target: {fileID: 4902188134786160, guid: 0452b8b5dd553b6418a1a0175afbcbf2, type: 3}
      propertyPath: m_LocalRotation.x
      value: -0
      objectReference: {fileID: 0}
    - target: {fileID: 4902188134786160, guid: 0452b8b5dd553b6418a1a0175afbcbf2, type: 3}
      propertyPath: m_LocalRotation.y
      value: 0.42498958
      objectReference: {fileID: 0}
    - target: {fileID: 4902188134786160, guid: 0452b8b5dd553b6418a1a0175afbcbf2, type: 3}
      propertyPath: m_LocalRotation.z
      value: -0
      objectReference: {fileID: 0}
    - target: {fileID: 4902188134786160, guid: 0452b8b5dd553b6418a1a0175afbcbf2, type: 3}
      propertyPath: m_LocalRotation.w
      value: 0.9051983
      objectReference: {fileID: 0}
    - target: {fileID: 4902188134786160, guid: 0452b8b5dd553b6418a1a0175afbcbf2, type: 3}
      propertyPath: m_RootOrder
      value: 2
      objectReference: {fileID: 0}
    - target: {fileID: 4902188134786160, guid: 0452b8b5dd553b6418a1a0175afbcbf2, type: 3}
      propertyPath: m_LocalEulerAnglesHint.x
      value: 0
      objectReference: {fileID: 0}
    - target: {fileID: 4902188134786160, guid: 0452b8b5dd553b6418a1a0175afbcbf2, type: 3}
      propertyPath: m_LocalEulerAnglesHint.y
      value: 50.3
      objectReference: {fileID: 0}
    - target: {fileID: 4902188134786160, guid: 0452b8b5dd553b6418a1a0175afbcbf2, type: 3}
      propertyPath: m_LocalEulerAnglesHint.z
      value: 0
      objectReference: {fileID: 0}
    - target: {fileID: 4902188134786160, guid: 0452b8b5dd553b6418a1a0175afbcbf2, type: 3}
      propertyPath: m_LocalScale.x
      value: 0.3000003
      objectReference: {fileID: 0}
    - target: {fileID: 4902188134786160, guid: 0452b8b5dd553b6418a1a0175afbcbf2, type: 3}
      propertyPath: m_LocalScale.y
      value: 0.29999998
      objectReference: {fileID: 0}
    - target: {fileID: 4902188134786160, guid: 0452b8b5dd553b6418a1a0175afbcbf2, type: 3}
      propertyPath: m_LocalScale.z
      value: 0.3000003
      objectReference: {fileID: 0}
    m_RemovedComponents: []
  m_SourcePrefab: {fileID: 100100000, guid: 0452b8b5dd553b6418a1a0175afbcbf2, type: 3}
--- !u!4 &3677238361947693472 stripped
Transform:
  m_CorrespondingSourceObject: {fileID: 4902188134786160, guid: 0452b8b5dd553b6418a1a0175afbcbf2,
    type: 3}
  m_PrefabInstance: {fileID: 3682051467687069136}
  m_PrefabAsset: {fileID: 0}
--- !u!1001 &4690871645472343388
PrefabInstance:
  m_ObjectHideFlags: 0
  serializedVersion: 2
  m_Modification:
    m_TransformParent: {fileID: 2459891302913919506}
    m_Modifications:
    - target: {fileID: 1055123719538216, guid: 0452b8b5dd553b6418a1a0175afbcbf2, type: 3}
      propertyPath: m_Name
      value: VG_Grass (3)
      objectReference: {fileID: 0}
    - target: {fileID: 4902188134786160, guid: 0452b8b5dd553b6418a1a0175afbcbf2, type: 3}
      propertyPath: m_LocalPosition.x
      value: 1.9600009
      objectReference: {fileID: 0}
    - target: {fileID: 4902188134786160, guid: 0452b8b5dd553b6418a1a0175afbcbf2, type: 3}
      propertyPath: m_LocalPosition.y
      value: 0
      objectReference: {fileID: 0}
    - target: {fileID: 4902188134786160, guid: 0452b8b5dd553b6418a1a0175afbcbf2, type: 3}
      propertyPath: m_LocalPosition.z
      value: -1.8199997
      objectReference: {fileID: 0}
    - target: {fileID: 4902188134786160, guid: 0452b8b5dd553b6418a1a0175afbcbf2, type: 3}
      propertyPath: m_LocalRotation.x
      value: -0
      objectReference: {fileID: 0}
    - target: {fileID: 4902188134786160, guid: 0452b8b5dd553b6418a1a0175afbcbf2, type: 3}
      propertyPath: m_LocalRotation.y
      value: 0.22750115
      objectReference: {fileID: 0}
    - target: {fileID: 4902188134786160, guid: 0452b8b5dd553b6418a1a0175afbcbf2, type: 3}
      propertyPath: m_LocalRotation.z
      value: -0
      objectReference: {fileID: 0}
    - target: {fileID: 4902188134786160, guid: 0452b8b5dd553b6418a1a0175afbcbf2, type: 3}
      propertyPath: m_LocalRotation.w
      value: 0.97377783
      objectReference: {fileID: 0}
    - target: {fileID: 4902188134786160, guid: 0452b8b5dd553b6418a1a0175afbcbf2, type: 3}
      propertyPath: m_RootOrder
      value: 3
      objectReference: {fileID: 0}
    - target: {fileID: 4902188134786160, guid: 0452b8b5dd553b6418a1a0175afbcbf2, type: 3}
      propertyPath: m_LocalEulerAnglesHint.x
      value: 0
      objectReference: {fileID: 0}
    - target: {fileID: 4902188134786160, guid: 0452b8b5dd553b6418a1a0175afbcbf2, type: 3}
      propertyPath: m_LocalEulerAnglesHint.y
      value: 26.3
      objectReference: {fileID: 0}
    - target: {fileID: 4902188134786160, guid: 0452b8b5dd553b6418a1a0175afbcbf2, type: 3}
      propertyPath: m_LocalEulerAnglesHint.z
      value: 0
      objectReference: {fileID: 0}
    - target: {fileID: 4902188134786160, guid: 0452b8b5dd553b6418a1a0175afbcbf2, type: 3}
      propertyPath: m_LocalScale.x
      value: 0.30000046
      objectReference: {fileID: 0}
    - target: {fileID: 4902188134786160, guid: 0452b8b5dd553b6418a1a0175afbcbf2, type: 3}
      propertyPath: m_LocalScale.y
      value: 0.29999998
      objectReference: {fileID: 0}
    - target: {fileID: 4902188134786160, guid: 0452b8b5dd553b6418a1a0175afbcbf2, type: 3}
      propertyPath: m_LocalScale.z
      value: 0.30000046
      objectReference: {fileID: 0}
    m_RemovedComponents: []
  m_SourcePrefab: {fileID: 100100000, guid: 0452b8b5dd553b6418a1a0175afbcbf2, type: 3}
--- !u!4 &4686057444981449004 stripped
Transform:
  m_CorrespondingSourceObject: {fileID: 4902188134786160, guid: 0452b8b5dd553b6418a1a0175afbcbf2,
    type: 3}
  m_PrefabInstance: {fileID: 4690871645472343388}
  m_PrefabAsset: {fileID: 0}
--- !u!1001 &4788844607169780910
PrefabInstance:
  m_ObjectHideFlags: 0
  serializedVersion: 2
  m_Modification:
    m_TransformParent: {fileID: 4944631697925794}
    m_Modifications:
    - target: {fileID: 5937744833153574634, guid: ed50bdbd5393b3c4e8d5fb988b2cf331,
        type: 3}
      propertyPath: m_Name
      value: RoadModel
      objectReference: {fileID: 0}
    - target: {fileID: 6196902425440406450, guid: ed50bdbd5393b3c4e8d5fb988b2cf331,
        type: 3}
      propertyPath: m_LocalPosition.x
      value: 0
      objectReference: {fileID: 0}
    - target: {fileID: 6196902425440406450, guid: ed50bdbd5393b3c4e8d5fb988b2cf331,
        type: 3}
      propertyPath: m_LocalPosition.y
      value: 0
      objectReference: {fileID: 0}
    - target: {fileID: 6196902425440406450, guid: ed50bdbd5393b3c4e8d5fb988b2cf331,
        type: 3}
      propertyPath: m_LocalPosition.z
      value: 0
      objectReference: {fileID: 0}
    - target: {fileID: 6196902425440406450, guid: ed50bdbd5393b3c4e8d5fb988b2cf331,
        type: 3}
      propertyPath: m_LocalRotation.x
      value: 0
      objectReference: {fileID: 0}
    - target: {fileID: 6196902425440406450, guid: ed50bdbd5393b3c4e8d5fb988b2cf331,
        type: 3}
      propertyPath: m_LocalRotation.y
      value: 0
      objectReference: {fileID: 0}
    - target: {fileID: 6196902425440406450, guid: ed50bdbd5393b3c4e8d5fb988b2cf331,
        type: 3}
      propertyPath: m_LocalRotation.z
      value: 0
      objectReference: {fileID: 0}
    - target: {fileID: 6196902425440406450, guid: ed50bdbd5393b3c4e8d5fb988b2cf331,
        type: 3}
      propertyPath: m_LocalRotation.w
      value: 1
      objectReference: {fileID: 0}
    - target: {fileID: 6196902425440406450, guid: ed50bdbd5393b3c4e8d5fb988b2cf331,
        type: 3}
      propertyPath: m_RootOrder
      value: 8
      objectReference: {fileID: 0}
    - target: {fileID: 6196902425440406450, guid: ed50bdbd5393b3c4e8d5fb988b2cf331,
        type: 3}
      propertyPath: m_LocalEulerAnglesHint.x
      value: 0
      objectReference: {fileID: 0}
    - target: {fileID: 6196902425440406450, guid: ed50bdbd5393b3c4e8d5fb988b2cf331,
        type: 3}
      propertyPath: m_LocalEulerAnglesHint.y
      value: 0
      objectReference: {fileID: 0}
    - target: {fileID: 6196902425440406450, guid: ed50bdbd5393b3c4e8d5fb988b2cf331,
        type: 3}
      propertyPath: m_LocalEulerAnglesHint.z
      value: 0
      objectReference: {fileID: 0}
    - target: {fileID: 6196902425440406450, guid: ed50bdbd5393b3c4e8d5fb988b2cf331,
        type: 3}
      propertyPath: m_LocalScale.x
      value: 1.0000002
      objectReference: {fileID: 0}
    - target: {fileID: 6196902425440406450, guid: ed50bdbd5393b3c4e8d5fb988b2cf331,
        type: 3}
      propertyPath: m_LocalScale.z
      value: 1.0000002
      objectReference: {fileID: 0}
    m_RemovedComponents: []
  m_SourcePrefab: {fileID: 100100000, guid: ed50bdbd5393b3c4e8d5fb988b2cf331, type: 3}
--- !u!1 &1158128497032559172 stripped
GameObject:
  m_CorrespondingSourceObject: {fileID: 5937744833153574634, guid: ed50bdbd5393b3c4e8d5fb988b2cf331,
    type: 3}
  m_PrefabInstance: {fileID: 4788844607169780910}
  m_PrefabAsset: {fileID: 0}
--- !u!4 &1696367360292132636 stripped
Transform:
  m_CorrespondingSourceObject: {fileID: 6196902425440406450, guid: ed50bdbd5393b3c4e8d5fb988b2cf331,
    type: 3}
  m_PrefabInstance: {fileID: 4788844607169780910}
  m_PrefabAsset: {fileID: 0}
--- !u!1001 &5593543231560942371
PrefabInstance:
  m_ObjectHideFlags: 0
  serializedVersion: 2
  m_Modification:
    m_TransformParent: {fileID: 2459891302913919506}
    m_Modifications:
    - target: {fileID: 1055123719538216, guid: 0452b8b5dd553b6418a1a0175afbcbf2, type: 3}
      propertyPath: m_Name
      value: VG_Grass (5)
      objectReference: {fileID: 0}
    - target: {fileID: 4902188134786160, guid: 0452b8b5dd553b6418a1a0175afbcbf2, type: 3}
      propertyPath: m_LocalPosition.x
      value: 1.92
      objectReference: {fileID: 0}
    - target: {fileID: 4902188134786160, guid: 0452b8b5dd553b6418a1a0175afbcbf2, type: 3}
      propertyPath: m_LocalPosition.y
      value: 0
      objectReference: {fileID: 0}
    - target: {fileID: 4902188134786160, guid: 0452b8b5dd553b6418a1a0175afbcbf2, type: 3}
      propertyPath: m_LocalPosition.z
      value: 1.75
      objectReference: {fileID: 0}
    - target: {fileID: 4902188134786160, guid: 0452b8b5dd553b6418a1a0175afbcbf2, type: 3}
      propertyPath: m_LocalRotation.x
      value: -0
      objectReference: {fileID: 0}
    - target: {fileID: 4902188134786160, guid: 0452b8b5dd553b6418a1a0175afbcbf2, type: 3}
      propertyPath: m_LocalRotation.y
      value: -0
      objectReference: {fileID: 0}
    - target: {fileID: 4902188134786160, guid: 0452b8b5dd553b6418a1a0175afbcbf2, type: 3}
      propertyPath: m_LocalRotation.z
      value: -0
      objectReference: {fileID: 0}
    - target: {fileID: 4902188134786160, guid: 0452b8b5dd553b6418a1a0175afbcbf2, type: 3}
      propertyPath: m_LocalRotation.w
      value: 1
      objectReference: {fileID: 0}
    - target: {fileID: 4902188134786160, guid: 0452b8b5dd553b6418a1a0175afbcbf2, type: 3}
      propertyPath: m_RootOrder
      value: 5
      objectReference: {fileID: 0}
    - target: {fileID: 4902188134786160, guid: 0452b8b5dd553b6418a1a0175afbcbf2, type: 3}
      propertyPath: m_LocalEulerAnglesHint.x
      value: 0
      objectReference: {fileID: 0}
    - target: {fileID: 4902188134786160, guid: 0452b8b5dd553b6418a1a0175afbcbf2, type: 3}
      propertyPath: m_LocalEulerAnglesHint.y
      value: 0
      objectReference: {fileID: 0}
    - target: {fileID: 4902188134786160, guid: 0452b8b5dd553b6418a1a0175afbcbf2, type: 3}
      propertyPath: m_LocalEulerAnglesHint.z
      value: 0
      objectReference: {fileID: 0}
    - target: {fileID: 4902188134786160, guid: 0452b8b5dd553b6418a1a0175afbcbf2, type: 3}
      propertyPath: m_LocalScale.x
      value: 0.3000001
      objectReference: {fileID: 0}
    - target: {fileID: 4902188134786160, guid: 0452b8b5dd553b6418a1a0175afbcbf2, type: 3}
      propertyPath: m_LocalScale.y
      value: 0.29999998
      objectReference: {fileID: 0}
    - target: {fileID: 4902188134786160, guid: 0452b8b5dd553b6418a1a0175afbcbf2, type: 3}
      propertyPath: m_LocalScale.z
      value: 0.3000001
      objectReference: {fileID: 0}
    m_RemovedComponents: []
  m_SourcePrefab: {fileID: 100100000, guid: 0452b8b5dd553b6418a1a0175afbcbf2, type: 3}
--- !u!4 &5598303560939759443 stripped
Transform:
  m_CorrespondingSourceObject: {fileID: 4902188134786160, guid: 0452b8b5dd553b6418a1a0175afbcbf2,
    type: 3}
  m_PrefabInstance: {fileID: 5593543231560942371}
  m_PrefabAsset: {fileID: 0}
--- !u!1001 &8792944387163542976
PrefabInstance:
  m_ObjectHideFlags: 0
  serializedVersion: 2
  m_Modification:
    m_TransformParent: {fileID: 2459891302913919506}
    m_Modifications:
    - target: {fileID: 1055123719538216, guid: 0452b8b5dd553b6418a1a0175afbcbf2, type: 3}
      propertyPath: m_Name
      value: VG_Grass (4)
      objectReference: {fileID: 0}
    - target: {fileID: 4902188134786160, guid: 0452b8b5dd553b6418a1a0175afbcbf2, type: 3}
      propertyPath: m_LocalPosition.x
      value: 1.93
      objectReference: {fileID: 0}
    - target: {fileID: 4902188134786160, guid: 0452b8b5dd553b6418a1a0175afbcbf2, type: 3}
      propertyPath: m_LocalPosition.y
      value: 0
      objectReference: {fileID: 0}
    - target: {fileID: 4902188134786160, guid: 0452b8b5dd553b6418a1a0175afbcbf2, type: 3}
      propertyPath: m_LocalPosition.z
      value: 0.06
      objectReference: {fileID: 0}
    - target: {fileID: 4902188134786160, guid: 0452b8b5dd553b6418a1a0175afbcbf2, type: 3}
      propertyPath: m_LocalRotation.x
      value: -0
      objectReference: {fileID: 0}
    - target: {fileID: 4902188134786160, guid: 0452b8b5dd553b6418a1a0175afbcbf2, type: 3}
      propertyPath: m_LocalRotation.y
      value: 0.96126175
      objectReference: {fileID: 0}
    - target: {fileID: 4902188134786160, guid: 0452b8b5dd553b6418a1a0175afbcbf2, type: 3}
      propertyPath: m_LocalRotation.z
      value: -0
      objectReference: {fileID: 0}
    - target: {fileID: 4902188134786160, guid: 0452b8b5dd553b6418a1a0175afbcbf2, type: 3}
      propertyPath: m_LocalRotation.w
      value: -0.27563736
      objectReference: {fileID: 0}
    - target: {fileID: 4902188134786160, guid: 0452b8b5dd553b6418a1a0175afbcbf2, type: 3}
      propertyPath: m_RootOrder
      value: 4
      objectReference: {fileID: 0}
    - target: {fileID: 4902188134786160, guid: 0452b8b5dd553b6418a1a0175afbcbf2, type: 3}
      propertyPath: m_LocalEulerAnglesHint.x
      value: 0
      objectReference: {fileID: 0}
    - target: {fileID: 4902188134786160, guid: 0452b8b5dd553b6418a1a0175afbcbf2, type: 3}
      propertyPath: m_LocalEulerAnglesHint.y
      value: 212
      objectReference: {fileID: 0}
    - target: {fileID: 4902188134786160, guid: 0452b8b5dd553b6418a1a0175afbcbf2, type: 3}
      propertyPath: m_LocalEulerAnglesHint.z
      value: 0
      objectReference: {fileID: 0}
    - target: {fileID: 4902188134786160, guid: 0452b8b5dd553b6418a1a0175afbcbf2, type: 3}
      propertyPath: m_LocalScale.x
      value: 0.30000037
      objectReference: {fileID: 0}
    - target: {fileID: 4902188134786160, guid: 0452b8b5dd553b6418a1a0175afbcbf2, type: 3}
      propertyPath: m_LocalScale.y
      value: 0.29999998
      objectReference: {fileID: 0}
    - target: {fileID: 4902188134786160, guid: 0452b8b5dd553b6418a1a0175afbcbf2, type: 3}
      propertyPath: m_LocalScale.z
      value: 0.30000037
      objectReference: {fileID: 0}
    m_RemovedComponents: []
  m_SourcePrefab: {fileID: 100100000, guid: 0452b8b5dd553b6418a1a0175afbcbf2, type: 3}
--- !u!4 &8797705829013828016 stripped
Transform:
  m_CorrespondingSourceObject: {fileID: 4902188134786160, guid: 0452b8b5dd553b6418a1a0175afbcbf2,
    type: 3}
  m_PrefabInstance: {fileID: 8792944387163542976}
  m_PrefabAsset: {fileID: 0}
