%YAML 1.1
%TAG !u! tag:unity3d.com,2011:
--- !u!1 &1128466769845932
GameObject:
  m_ObjectHideFlags: 0
  m_CorrespondingSourceObject: {fileID: 0}
  m_PrefabInstance: {fileID: 0}
  m_PrefabAsset: {fileID: 0}
  serializedVersion: 6
  m_Component:
  - component: {fileID: 4433102805330502}
  m_Layer: 0
  m_Name: point3
  m_TagString: Untagged
  m_Icon: {fileID: -5442936267250999957, guid: 0000000000000000d000000000000000, type: 0}
  m_NavMeshLayer: 0
  m_StaticEditorFlags: 0
  m_IsActive: 1
--- !u!4 &4433102805330502
Transform:
  m_ObjectHideFlags: 0
  m_CorrespondingSourceObject: {fileID: 0}
  m_PrefabInstance: {fileID: 0}
  m_PrefabAsset: {fileID: 0}
  m_GameObject: {fileID: 1128466769845932}
  m_LocalRotation: {x: -0, y: -0, z: -0, w: 1}
  m_LocalPosition: {x: 2.5, y: 0, z: -1}
  m_LocalScale: {x: 1, y: 1, z: 1}
  m_Children: []
  m_Father: {fileID: 4317565684291024}
  m_RootOrder: 2
  m_LocalEulerAnglesHint: {x: 0, y: 0, z: 0}
--- !u!1 &1128726201967086
GameObject:
  m_ObjectHideFlags: 0
  m_CorrespondingSourceObject: {fileID: 0}
  m_PrefabInstance: {fileID: 0}
  m_PrefabAsset: {fileID: 0}
  serializedVersion: 6
  m_Component:
  - component: {fileID: 4192068270039654}
  m_Layer: 0
  m_Name: point1
  m_TagString: Untagged
  m_Icon: {fileID: -5442936267250999957, guid: 0000000000000000d000000000000000, type: 0}
  m_NavMeshLayer: 0
  m_StaticEditorFlags: 0
  m_IsActive: 1
--- !u!4 &4192068270039654
Transform:
  m_ObjectHideFlags: 0
  m_CorrespondingSourceObject: {fileID: 0}
  m_PrefabInstance: {fileID: 0}
  m_PrefabAsset: {fileID: 0}
  m_GameObject: {fileID: 1128726201967086}
  m_LocalRotation: {x: -0, y: -0, z: -0, w: 1}
  m_LocalPosition: {x: -1, y: 0, z: -2.5}
  m_LocalScale: {x: 1, y: 1, z: 1}
  m_Children: []
  m_Father: {fileID: 4808540149035346}
  m_RootOrder: 0
  m_LocalEulerAnglesHint: {x: 0, y: 0, z: 0}
--- !u!1 &1270403697003960
GameObject:
  m_ObjectHideFlags: 0
  m_CorrespondingSourceObject: {fileID: 0}
  m_PrefabInstance: {fileID: 0}
  m_PrefabAsset: {fileID: 0}
  serializedVersion: 6
  m_Component:
  - component: {fileID: 4630200124529450}
  m_Layer: 0
  m_Name: Line1
  m_TagString: Untagged
  m_Icon: {fileID: 0}
  m_NavMeshLayer: 0
  m_StaticEditorFlags: 0
  m_IsActive: 1
--- !u!4 &4630200124529450
Transform:
  m_ObjectHideFlags: 0
  m_CorrespondingSourceObject: {fileID: 0}
  m_PrefabInstance: {fileID: 0}
  m_PrefabAsset: {fileID: 0}
  m_GameObject: {fileID: 1270403697003960}
  m_LocalRotation: {x: 0, y: 0, z: 0, w: 1}
  m_LocalPosition: {x: 0, y: 0, z: 0}
  m_LocalScale: {x: 1, y: 1, z: 1}
  m_Children:
  - {fileID: 4478249768519714}
  - {fileID: 4647553717119692}
  - {fileID: 4721176678417242}
  m_Father: {fileID: 4701693019082084}
  m_RootOrder: 0
  m_LocalEulerAnglesHint: {x: 0, y: 0, z: 0}
--- !u!1 &1309056425066378
GameObject:
  m_ObjectHideFlags: 0
  m_CorrespondingSourceObject: {fileID: 0}
  m_PrefabInstance: {fileID: 0}
  m_PrefabAsset: {fileID: 0}
  serializedVersion: 6
  m_Component:
  - component: {fileID: 4701693019082084}
  - component: {fileID: 114722982353777036}
  m_Layer: 0
  m_Name: RoadTurn6
  m_TagString: Untagged
  m_Icon: {fileID: 0}
  m_NavMeshLayer: 0
  m_StaticEditorFlags: 0
  m_IsActive: 1
--- !u!4 &4701693019082084
Transform:
  m_ObjectHideFlags: 0
  m_CorrespondingSourceObject: {fileID: 0}
  m_PrefabInstance: {fileID: 0}
  m_PrefabAsset: {fileID: 0}
  m_GameObject: {fileID: 1309056425066378}
  m_LocalRotation: {x: 0, y: 1, z: 0, w: 0}
  m_LocalPosition: {x: 0, y: 0, z: 0}
  m_LocalScale: {x: 1, y: 1, z: 1}
  m_Children:
  - {fileID: 4630200124529450}
  - {fileID: 4317565684291024}
  - {fileID: 4808540149035346}
  - {fileID: 5654076941759510318}
  - {fileID: 9184970475471803030}
  - {fileID: 1043739736973967502}
  - {fileID: 1251577623991678341}
  - {fileID: 1059984624683338989}
  - {fileID: 2724667057909267133}
  - {fileID: 5844398433831801571}
  - {fileID: 1351651533894304519}
  - {fileID: 7215962313330246209}
  - {fileID: 2769284435002285940}
  - {fileID: 3833834699511177697}
  m_Father: {fileID: 0}
  m_RootOrder: 0
  m_LocalEulerAnglesHint: {x: 0, y: 180, z: 0}
--- !u!114 &114722982353777036
MonoBehaviour:
  m_ObjectHideFlags: 0
  m_CorrespondingSourceObject: {fileID: 0}
  m_PrefabInstance: {fileID: 0}
  m_PrefabAsset: {fileID: 0}
  m_GameObject: {fileID: 1309056425066378}
  m_Enabled: 1
  m_EditorHideFlags: 0
  m_Script: {fileID: 11500000, guid: fc60884bd85fc824c923c25797d4e588, type: 3}
  m_Name: 
  m_EditorClassIdentifier: 
  pointsTransform:
  - {fileID: 4721176678417242}
  - {fileID: 4647553717119692}
  - {fileID: 4478249768519714}
  rightPointsTransform:
  - {fileID: 4833642431924474}
  - {fileID: 4134253899276622}
  - {fileID: 4192068270039654}
  leftPointsTransform:
  - {fileID: 4433102805330502}
  - {fileID: 4611764646944764}
  - {fileID: 4573688375335312}
  startDirection: 3
  endDirection: 1
  centerPoints: []
  roadModel: {fileID: 3325290608966695929}
--- !u!1 &1484067642178572
GameObject:
  m_ObjectHideFlags: 0
  m_CorrespondingSourceObject: {fileID: 0}
  m_PrefabInstance: {fileID: 0}
  m_PrefabAsset: {fileID: 0}
  serializedVersion: 6
  m_Component:
  - component: {fileID: 4134253899276622}
  m_Layer: 0
  m_Name: point2
  m_TagString: Untagged
  m_Icon: {fileID: -5442936267250999957, guid: 0000000000000000d000000000000000, type: 0}
  m_NavMeshLayer: 0
  m_StaticEditorFlags: 0
  m_IsActive: 1
--- !u!4 &4134253899276622
Transform:
  m_ObjectHideFlags: 0
  m_CorrespondingSourceObject: {fileID: 0}
  m_PrefabInstance: {fileID: 0}
  m_PrefabAsset: {fileID: 0}
  m_GameObject: {fileID: 1484067642178572}
  m_LocalRotation: {x: -0, y: -0, z: -0, w: 1}
  m_LocalPosition: {x: -1, y: 0, z: 1}
  m_LocalScale: {x: 1, y: 1, z: 1}
  m_Children: []
  m_Father: {fileID: 4808540149035346}
  m_RootOrder: 1
  m_LocalEulerAnglesHint: {x: 0, y: 0, z: 0}
--- !u!1 &1541178410816632
GameObject:
  m_ObjectHideFlags: 0
  m_CorrespondingSourceObject: {fileID: 0}
  m_PrefabInstance: {fileID: 0}
  m_PrefabAsset: {fileID: 0}
  serializedVersion: 6
  m_Component:
  - component: {fileID: 4833642431924474}
  m_Layer: 0
  m_Name: point3
  m_TagString: Untagged
  m_Icon: {fileID: -5442936267250999957, guid: 0000000000000000d000000000000000, type: 0}
  m_NavMeshLayer: 0
  m_StaticEditorFlags: 0
  m_IsActive: 1
--- !u!4 &4833642431924474
Transform:
  m_ObjectHideFlags: 0
  m_CorrespondingSourceObject: {fileID: 0}
  m_PrefabInstance: {fileID: 0}
  m_PrefabAsset: {fileID: 0}
  m_GameObject: {fileID: 1541178410816632}
  m_LocalRotation: {x: -0, y: -0, z: -0, w: 1}
  m_LocalPosition: {x: 2.5, y: 0, z: 1}
  m_LocalScale: {x: 1, y: 1, z: 1}
  m_Children: []
  m_Father: {fileID: 4808540149035346}
  m_RootOrder: 2
  m_LocalEulerAnglesHint: {x: 0, y: 0, z: 0}
--- !u!1 &1562644384213166
GameObject:
  m_ObjectHideFlags: 0
  m_CorrespondingSourceObject: {fileID: 0}
  m_PrefabInstance: {fileID: 0}
  m_PrefabAsset: {fileID: 0}
  serializedVersion: 6
  m_Component:
  - component: {fileID: 4573688375335312}
  m_Layer: 0
  m_Name: point1
  m_TagString: Untagged
  m_Icon: {fileID: -5442936267250999957, guid: 0000000000000000d000000000000000, type: 0}
  m_NavMeshLayer: 0
  m_StaticEditorFlags: 0
  m_IsActive: 1
--- !u!4 &4573688375335312
Transform:
  m_ObjectHideFlags: 0
  m_CorrespondingSourceObject: {fileID: 0}
  m_PrefabInstance: {fileID: 0}
  m_PrefabAsset: {fileID: 0}
  m_GameObject: {fileID: 1562644384213166}
  m_LocalRotation: {x: -0, y: -0, z: -0, w: 1}
  m_LocalPosition: {x: 1, y: 0, z: -2.5}
  m_LocalScale: {x: 1, y: 1, z: 1}
  m_Children: []
  m_Father: {fileID: 4317565684291024}
  m_RootOrder: 0
  m_LocalEulerAnglesHint: {x: 0, y: 0, z: 0}
--- !u!1 &1570331768904998
GameObject:
  m_ObjectHideFlags: 0
  m_CorrespondingSourceObject: {fileID: 0}
  m_PrefabInstance: {fileID: 0}
  m_PrefabAsset: {fileID: 0}
  serializedVersion: 6
  m_Component:
  - component: {fileID: 4647553717119692}
  m_Layer: 0
  m_Name: point2
  m_TagString: Untagged
  m_Icon: {fileID: -5442936267250999957, guid: 0000000000000000d000000000000000, type: 0}
  m_NavMeshLayer: 0
  m_StaticEditorFlags: 0
  m_IsActive: 1
--- !u!4 &4647553717119692
Transform:
  m_ObjectHideFlags: 0
  m_CorrespondingSourceObject: {fileID: 0}
  m_PrefabInstance: {fileID: 0}
  m_PrefabAsset: {fileID: 0}
  m_GameObject: {fileID: 1570331768904998}
  m_LocalRotation: {x: -0, y: -0, z: -0, w: 1}
  m_LocalPosition: {x: 0, y: 0, z: 0}
  m_LocalScale: {x: 1, y: 1, z: 1}
  m_Children: []
  m_Father: {fileID: 4630200124529450}
  m_RootOrder: 1
  m_LocalEulerAnglesHint: {x: 0, y: 0, z: 0}
--- !u!1 &1654069079068700
GameObject:
  m_ObjectHideFlags: 0
  m_CorrespondingSourceObject: {fileID: 0}
  m_PrefabInstance: {fileID: 0}
  m_PrefabAsset: {fileID: 0}
  serializedVersion: 6
  m_Component:
  - component: {fileID: 4478249768519714}
  m_Layer: 0
  m_Name: point1
  m_TagString: Untagged
  m_Icon: {fileID: -5442936267250999957, guid: 0000000000000000d000000000000000, type: 0}
  m_NavMeshLayer: 0
  m_StaticEditorFlags: 0
  m_IsActive: 1
--- !u!4 &4478249768519714
Transform:
  m_ObjectHideFlags: 0
  m_CorrespondingSourceObject: {fileID: 0}
  m_PrefabInstance: {fileID: 0}
  m_PrefabAsset: {fileID: 0}
  m_GameObject: {fileID: 1654069079068700}
  m_LocalRotation: {x: -0, y: -0, z: -0, w: 1}
  m_LocalPosition: {x: 0, y: 0, z: -2.5}
  m_LocalScale: {x: 1, y: 1, z: 1}
  m_Children: []
  m_Father: {fileID: 4630200124529450}
  m_RootOrder: 0
  m_LocalEulerAnglesHint: {x: 0, y: 0, z: 0}
--- !u!1 &1792563013386716
GameObject:
  m_ObjectHideFlags: 0
  m_CorrespondingSourceObject: {fileID: 0}
  m_PrefabInstance: {fileID: 0}
  m_PrefabAsset: {fileID: 0}
  serializedVersion: 6
  m_Component:
  - component: {fileID: 4611764646944764}
  m_Layer: 0
  m_Name: point2
  m_TagString: Untagged
  m_Icon: {fileID: -5442936267250999957, guid: 0000000000000000d000000000000000, type: 0}
  m_NavMeshLayer: 0
  m_StaticEditorFlags: 0
  m_IsActive: 1
--- !u!4 &4611764646944764
Transform:
  m_ObjectHideFlags: 0
  m_CorrespondingSourceObject: {fileID: 0}
  m_PrefabInstance: {fileID: 0}
  m_PrefabAsset: {fileID: 0}
  m_GameObject: {fileID: 1792563013386716}
  m_LocalRotation: {x: -0, y: -0, z: -0, w: 1}
  m_LocalPosition: {x: 1, y: 0, z: -1}
  m_LocalScale: {x: 1, y: 1, z: 1}
  m_Children: []
  m_Father: {fileID: 4317565684291024}
  m_RootOrder: 1
  m_LocalEulerAnglesHint: {x: 0, y: 0, z: 0}
--- !u!1 &1935408487922510
GameObject:
  m_ObjectHideFlags: 0
  m_CorrespondingSourceObject: {fileID: 0}
  m_PrefabInstance: {fileID: 0}
  m_PrefabAsset: {fileID: 0}
  serializedVersion: 6
  m_Component:
  - component: {fileID: 4721176678417242}
  m_Layer: 0
  m_Name: point3
  m_TagString: Untagged
  m_Icon: {fileID: -5442936267250999957, guid: 0000000000000000d000000000000000, type: 0}
  m_NavMeshLayer: 0
  m_StaticEditorFlags: 0
  m_IsActive: 1
--- !u!4 &4721176678417242
Transform:
  m_ObjectHideFlags: 0
  m_CorrespondingSourceObject: {fileID: 0}
  m_PrefabInstance: {fileID: 0}
  m_PrefabAsset: {fileID: 0}
  m_GameObject: {fileID: 1935408487922510}
  m_LocalRotation: {x: -0, y: -0, z: -0, w: 1}
  m_LocalPosition: {x: 2.5, y: 0, z: 0}
  m_LocalScale: {x: 1, y: 1, z: 1}
  m_Children: []
  m_Father: {fileID: 4630200124529450}
  m_RootOrder: 2
  m_LocalEulerAnglesHint: {x: 0, y: 0, z: 0}
--- !u!1 &1962812887820942
GameObject:
  m_ObjectHideFlags: 0
  m_CorrespondingSourceObject: {fileID: 0}
  m_PrefabInstance: {fileID: 0}
  m_PrefabAsset: {fileID: 0}
  serializedVersion: 6
  m_Component:
  - component: {fileID: 4317565684291024}
  m_Layer: 0
  m_Name: Line2
  m_TagString: Untagged
  m_Icon: {fileID: 0}
  m_NavMeshLayer: 0
  m_StaticEditorFlags: 0
  m_IsActive: 1
--- !u!4 &4317565684291024
Transform:
  m_ObjectHideFlags: 0
  m_CorrespondingSourceObject: {fileID: 0}
  m_PrefabInstance: {fileID: 0}
  m_PrefabAsset: {fileID: 0}
  m_GameObject: {fileID: 1962812887820942}
  m_LocalRotation: {x: -0, y: -0, z: -0, w: 1}
  m_LocalPosition: {x: 0, y: 0, z: 0}
  m_LocalScale: {x: 1, y: 1, z: 1}
  m_Children:
  - {fileID: 4573688375335312}
  - {fileID: 4611764646944764}
  - {fileID: 4433102805330502}
  m_Father: {fileID: 4701693019082084}
  m_RootOrder: 1
  m_LocalEulerAnglesHint: {x: 0, y: 0, z: 0}
--- !u!1 &1995339720663272
GameObject:
  m_ObjectHideFlags: 0
  m_CorrespondingSourceObject: {fileID: 0}
  m_PrefabInstance: {fileID: 0}
  m_PrefabAsset: {fileID: 0}
  serializedVersion: 6
  m_Component:
  - component: {fileID: 4808540149035346}
  m_Layer: 0
  m_Name: Line3
  m_TagString: Untagged
  m_Icon: {fileID: 0}
  m_NavMeshLayer: 0
  m_StaticEditorFlags: 0
  m_IsActive: 1
--- !u!4 &4808540149035346
Transform:
  m_ObjectHideFlags: 0
  m_CorrespondingSourceObject: {fileID: 0}
  m_PrefabInstance: {fileID: 0}
  m_PrefabAsset: {fileID: 0}
  m_GameObject: {fileID: 1995339720663272}
  m_LocalRotation: {x: -0, y: -0, z: -0, w: 1}
  m_LocalPosition: {x: 0, y: 0, z: 0}
  m_LocalScale: {x: 1, y: 1, z: 1}
  m_Children:
  - {fileID: 4192068270039654}
  - {fileID: 4134253899276622}
  - {fileID: 4833642431924474}
  m_Father: {fileID: 4701693019082084}
  m_RootOrder: 2
  m_LocalEulerAnglesHint: {x: 0, y: 0, z: 0}
--- !u!1 &401328505413688456
GameObject:
  m_ObjectHideFlags: 0
  m_CorrespondingSourceObject: {fileID: 0}
  m_PrefabInstance: {fileID: 0}
  m_PrefabAsset: {fileID: 0}
  serializedVersion: 6
  m_Component:
  - component: {fileID: 5654076941759510318}
  - component: {fileID: 1560068735963528095}
  - component: {fileID: 344494492587786331}
  m_Layer: 0
  m_Name: Road11
  m_TagString: Untagged
  m_Icon: {fileID: 0}
  m_NavMeshLayer: 0
  m_StaticEditorFlags: 0
  m_IsActive: 0
--- !u!4 &5654076941759510318
Transform:
  m_ObjectHideFlags: 0
  m_CorrespondingSourceObject: {fileID: 0}
  m_PrefabInstance: {fileID: 0}
  m_PrefabAsset: {fileID: 0}
  m_GameObject: {fileID: 401328505413688456}
  m_LocalRotation: {x: 0.7071068, y: -0, z: -0, w: 0.7071068}
  m_LocalPosition: {x: 0, y: 0, z: -1}
  m_LocalScale: {x: 1, y: 3, z: 1.0000005}
  m_Children: []
  m_Father: {fileID: 4701693019082084}
  m_RootOrder: 3
  m_LocalEulerAnglesHint: {x: 90, y: 0, z: 0}
--- !u!33 &1560068735963528095
MeshFilter:
  m_ObjectHideFlags: 0
  m_CorrespondingSourceObject: {fileID: 0}
  m_PrefabInstance: {fileID: 0}
  m_PrefabAsset: {fileID: 0}
  m_GameObject: {fileID: 401328505413688456}
  m_Mesh: {fileID: 10210, guid: 0000000000000000e000000000000000, type: 0}
--- !u!23 &344494492587786331
MeshRenderer:
  m_ObjectHideFlags: 0
  m_CorrespondingSourceObject: {fileID: 0}
  m_PrefabInstance: {fileID: 0}
  m_PrefabAsset: {fileID: 0}
  m_GameObject: {fileID: 401328505413688456}
  m_Enabled: 1
  m_CastShadows: 0
  m_ReceiveShadows: 1
  m_DynamicOccludee: 1
  m_MotionVectors: 1
  m_LightProbeUsage: 0
  m_ReflectionProbeUsage: 0
  m_RenderingLayerMask: 1
  m_RendererPriority: 0
  m_Materials:
  - {fileID: 2100000, guid: 212270c11ed8a874d9d1169f11e36dba, type: 2}
  m_StaticBatchInfo:
    firstSubMesh: 0
    subMeshCount: 0
  m_StaticBatchRoot: {fileID: 0}
  m_ProbeAnchor: {fileID: 0}
  m_LightProbeVolumeOverride: {fileID: 0}
  m_ScaleInLightmap: 1
  m_PreserveUVs: 0
  m_IgnoreNormalsForChartDetection: 0
  m_ImportantGI: 0
  m_StitchLightmapSeams: 0
  m_SelectedEditorRenderState: 3
  m_MinimumChartSize: 4
  m_AutoUVMaxDistance: 0.5
  m_AutoUVMaxAngle: 89
  m_LightmapParameters: {fileID: 0}
  m_SortingLayerID: 0
  m_SortingLayer: 0
  m_SortingOrder: 0
--- !u!1 &1216284566769925573
GameObject:
  m_ObjectHideFlags: 0
  m_CorrespondingSourceObject: {fileID: 0}
  m_PrefabInstance: {fileID: 0}
  m_PrefabAsset: {fileID: 0}
  serializedVersion: 6
  m_Component:
  - component: {fileID: 1043739736973967502}
  - component: {fileID: 6652089009403939759}
  - component: {fileID: 6701906135589507137}
  m_Layer: 0
  m_Name: Road21
  m_TagString: Untagged
  m_Icon: {fileID: 0}
  m_NavMeshLayer: 0
  m_StaticEditorFlags: 0
  m_IsActive: 1
--- !u!4 &1043739736973967502
Transform:
  m_ObjectHideFlags: 0
  m_CorrespondingSourceObject: {fileID: 0}
  m_PrefabInstance: {fileID: 0}
  m_PrefabAsset: {fileID: 0}
  m_GameObject: {fileID: 1216284566769925573}
  m_LocalRotation: {x: 0.7071068, y: -0, z: -0, w: 0.7071068}
  m_LocalPosition: {x: 1, y: 0, z: -2}
  m_LocalScale: {x: 1, y: 1, z: 1.0000005}
  m_Children: []
  m_Father: {fileID: 4701693019082084}
  m_RootOrder: 5
  m_LocalEulerAnglesHint: {x: 90, y: 0, z: 0}
--- !u!33 &6652089009403939759
MeshFilter:
  m_ObjectHideFlags: 0
  m_CorrespondingSourceObject: {fileID: 0}
  m_PrefabInstance: {fileID: 0}
  m_PrefabAsset: {fileID: 0}
  m_GameObject: {fileID: 1216284566769925573}
  m_Mesh: {fileID: 10210, guid: 0000000000000000e000000000000000, type: 0}
--- !u!23 &6701906135589507137
MeshRenderer:
  m_ObjectHideFlags: 0
  m_CorrespondingSourceObject: {fileID: 0}
  m_PrefabInstance: {fileID: 0}
  m_PrefabAsset: {fileID: 0}
  m_GameObject: {fileID: 1216284566769925573}
  m_Enabled: 1
  m_CastShadows: 0
  m_ReceiveShadows: 1
  m_DynamicOccludee: 1
  m_MotionVectors: 1
  m_LightProbeUsage: 0
  m_ReflectionProbeUsage: 0
  m_RenderingLayerMask: 1
  m_RendererPriority: 0
  m_Materials:
  - {fileID: 2100000, guid: 0189159ccb0a93b45ae4b846d94fb961, type: 2}
  m_StaticBatchInfo:
    firstSubMesh: 0
    subMeshCount: 0
  m_StaticBatchRoot: {fileID: 0}
  m_ProbeAnchor: {fileID: 0}
  m_LightProbeVolumeOverride: {fileID: 0}
  m_ScaleInLightmap: 1
  m_PreserveUVs: 0
  m_IgnoreNormalsForChartDetection: 0
  m_ImportantGI: 0
  m_StitchLightmapSeams: 0
  m_SelectedEditorRenderState: 3
  m_MinimumChartSize: 4
  m_AutoUVMaxDistance: 0.5
  m_AutoUVMaxAngle: 89
  m_LightmapParameters: {fileID: 0}
  m_SortingLayerID: 0
  m_SortingLayer: 0
  m_SortingOrder: 0
--- !u!1 &1901762116934552129
GameObject:
  m_ObjectHideFlags: 0
  m_CorrespondingSourceObject: {fileID: 0}
  m_PrefabInstance: {fileID: 0}
  m_PrefabAsset: {fileID: 0}
  serializedVersion: 6
  m_Component:
  - component: {fileID: 1251577623991678341}
  - component: {fileID: 9209930701854645588}
  - component: {fileID: 3479021798899272116}
  m_Layer: 0
  m_Name: Road22
  m_TagString: Untagged
  m_Icon: {fileID: 0}
  m_NavMeshLayer: 0
  m_StaticEditorFlags: 0
  m_IsActive: 1
--- !u!4 &1251577623991678341
Transform:
  m_ObjectHideFlags: 0
  m_CorrespondingSourceObject: {fileID: 0}
  m_PrefabInstance: {fileID: 0}
  m_PrefabAsset: {fileID: 0}
  m_GameObject: {fileID: 1901762116934552129}
  m_LocalRotation: {x: 0.7071068, y: -0, z: -0, w: 0.7071068}
  m_LocalPosition: {x: 1.5, y: 0, z: -1}
  m_LocalScale: {x: 2, y: 1.0000005, z: 1.0000005}
  m_Children: []
  m_Father: {fileID: 4701693019082084}
  m_RootOrder: 6
  m_LocalEulerAnglesHint: {x: 90, y: 0, z: 0}
--- !u!33 &9209930701854645588
MeshFilter:
  m_ObjectHideFlags: 0
  m_CorrespondingSourceObject: {fileID: 0}
  m_PrefabInstance: {fileID: 0}
  m_PrefabAsset: {fileID: 0}
  m_GameObject: {fileID: 1901762116934552129}
  m_Mesh: {fileID: 10210, guid: 0000000000000000e000000000000000, type: 0}
--- !u!23 &3479021798899272116
MeshRenderer:
  m_ObjectHideFlags: 0
  m_CorrespondingSourceObject: {fileID: 0}
  m_PrefabInstance: {fileID: 0}
  m_PrefabAsset: {fileID: 0}
  m_GameObject: {fileID: 1901762116934552129}
  m_Enabled: 1
  m_CastShadows: 0
  m_ReceiveShadows: 1
  m_DynamicOccludee: 1
  m_MotionVectors: 1
  m_LightProbeUsage: 0
  m_ReflectionProbeUsage: 0
  m_RenderingLayerMask: 1
  m_RendererPriority: 0
  m_Materials:
  - {fileID: 2100000, guid: 0189159ccb0a93b45ae4b846d94fb961, type: 2}
  m_StaticBatchInfo:
    firstSubMesh: 0
    subMeshCount: 0
  m_StaticBatchRoot: {fileID: 0}
  m_ProbeAnchor: {fileID: 0}
  m_LightProbeVolumeOverride: {fileID: 0}
  m_ScaleInLightmap: 1
  m_PreserveUVs: 0
  m_IgnoreNormalsForChartDetection: 0
  m_ImportantGI: 0
  m_StitchLightmapSeams: 0
  m_SelectedEditorRenderState: 3
  m_MinimumChartSize: 4
  m_AutoUVMaxDistance: 0.5
  m_AutoUVMaxAngle: 89
  m_LightmapParameters: {fileID: 0}
  m_SortingLayerID: 0
  m_SortingLayer: 0
  m_SortingOrder: 0
--- !u!1 &2853630253006968966
GameObject:
  m_ObjectHideFlags: 0
  m_CorrespondingSourceObject: {fileID: 0}
  m_PrefabInstance: {fileID: 0}
  m_PrefabAsset: {fileID: 0}
  serializedVersion: 6
  m_Component:
  - component: {fileID: 7215962313330246209}
  - component: {fileID: 632662206613966490}
  m_Layer: 11
  m_Name: Collider
  m_TagString: Untagged
  m_Icon: {fileID: 0}
  m_NavMeshLayer: 0
  m_StaticEditorFlags: 0
  m_IsActive: 1
--- !u!4 &7215962313330246209
Transform:
  m_ObjectHideFlags: 0
  m_CorrespondingSourceObject: {fileID: 0}
  m_PrefabInstance: {fileID: 0}
  m_PrefabAsset: {fileID: 0}
  m_GameObject: {fileID: 2853630253006968966}
  m_LocalRotation: {x: -0, y: -0, z: -0, w: 1}
  m_LocalPosition: {x: 0, y: 0, z: -1}
  m_LocalScale: {x: 1, y: 1, z: 1}
  m_Children: []
  m_Father: {fileID: 4701693019082084}
  m_RootOrder: 11
  m_LocalEulerAnglesHint: {x: 0, y: 0, z: 0}
--- !u!65 &632662206613966490
BoxCollider:
  m_ObjectHideFlags: 0
  m_CorrespondingSourceObject: {fileID: 0}
  m_PrefabInstance: {fileID: 0}
  m_PrefabAsset: {fileID: 0}
  m_GameObject: {fileID: 2853630253006968966}
  m_Material: {fileID: 0}
  m_IsTrigger: 0
  m_Enabled: 1
  serializedVersion: 2
  m_Size: {x: 4, y: 1, z: 4}
  m_Center: {x: 0.5, y: -0.5, z: 0.5}
--- !u!1 &2979603083348928923
GameObject:
  m_ObjectHideFlags: 0
  m_CorrespondingSourceObject: {fileID: 0}
  m_PrefabInstance: {fileID: 0}
  m_PrefabAsset: {fileID: 0}
  serializedVersion: 6
  m_Component:
  - component: {fileID: 7727474453271562749}
  m_Layer: 0
  m_Name: Grass
  m_TagString: Untagged
  m_Icon: {fileID: 0}
  m_NavMeshLayer: 0
  m_StaticEditorFlags: 0
  m_IsActive: 1
--- !u!4 &7727474453271562749
Transform:
  m_ObjectHideFlags: 0
  m_CorrespondingSourceObject: {fileID: 0}
  m_PrefabInstance: {fileID: 0}
  m_PrefabAsset: {fileID: 0}
  m_GameObject: {fileID: 2979603083348928923}
  m_LocalRotation: {x: 0, y: 0, z: 0, w: 1}
  m_LocalPosition: {x: 0, y: 0, z: 0}
  m_LocalScale: {x: 1, y: 1, z: 1}
  m_Children:
  - {fileID: 7202543509190537702}
  - {fileID: 4375713870993821281}
  - {fileID: 6180788855598342733}
  - {fileID: 399390937970142946}
  - {fileID: 7593142901659759168}
  m_Father: {fileID: 3833834699511177697}
  m_RootOrder: 0
  m_LocalEulerAnglesHint: {x: 0, y: 0, z: 0}
--- !u!1 &3721854651050548899
GameObject:
  m_ObjectHideFlags: 0
  m_CorrespondingSourceObject: {fileID: 0}
  m_PrefabInstance: {fileID: 0}
  m_PrefabAsset: {fileID: 0}
  serializedVersion: 6
  m_Component:
  - component: {fileID: 2724667057909267133}
  - component: {fileID: 5997450083224096785}
  - component: {fileID: 8219666016417752156}
  m_Layer: 0
  m_Name: Road32
  m_TagString: Untagged
  m_Icon: {fileID: 0}
  m_NavMeshLayer: 0
  m_StaticEditorFlags: 0
  m_IsActive: 1
--- !u!4 &2724667057909267133
Transform:
  m_ObjectHideFlags: 0
  m_CorrespondingSourceObject: {fileID: 0}
  m_PrefabInstance: {fileID: 0}
  m_PrefabAsset: {fileID: 0}
  m_GameObject: {fileID: 3721854651050548899}
  m_LocalRotation: {x: 0.7071068, y: -0, z: -0, w: 0.7071068}
  m_LocalPosition: {x: 0.5, y: 0, z: 1}
  m_LocalScale: {x: 4, y: 1.0000005, z: 1.0000005}
  m_Children: []
  m_Father: {fileID: 4701693019082084}
  m_RootOrder: 8
  m_LocalEulerAnglesHint: {x: 90, y: 0, z: 0}
--- !u!33 &5997450083224096785
MeshFilter:
  m_ObjectHideFlags: 0
  m_CorrespondingSourceObject: {fileID: 0}
  m_PrefabInstance: {fileID: 0}
  m_PrefabAsset: {fileID: 0}
  m_GameObject: {fileID: 3721854651050548899}
  m_Mesh: {fileID: 10210, guid: 0000000000000000e000000000000000, type: 0}
--- !u!23 &8219666016417752156
MeshRenderer:
  m_ObjectHideFlags: 0
  m_CorrespondingSourceObject: {fileID: 0}
  m_PrefabInstance: {fileID: 0}
  m_PrefabAsset: {fileID: 0}
  m_GameObject: {fileID: 3721854651050548899}
  m_Enabled: 1
  m_CastShadows: 0
  m_ReceiveShadows: 1
  m_DynamicOccludee: 1
  m_MotionVectors: 1
  m_LightProbeUsage: 0
  m_ReflectionProbeUsage: 0
  m_RenderingLayerMask: 1
  m_RendererPriority: 0
  m_Materials:
  - {fileID: 2100000, guid: 0189159ccb0a93b45ae4b846d94fb961, type: 2}
  m_StaticBatchInfo:
    firstSubMesh: 0
    subMeshCount: 0
  m_StaticBatchRoot: {fileID: 0}
  m_ProbeAnchor: {fileID: 0}
  m_LightProbeVolumeOverride: {fileID: 0}
  m_ScaleInLightmap: 1
  m_PreserveUVs: 0
  m_IgnoreNormalsForChartDetection: 0
  m_ImportantGI: 0
  m_StitchLightmapSeams: 0
  m_SelectedEditorRenderState: 3
  m_MinimumChartSize: 4
  m_AutoUVMaxDistance: 0.5
  m_AutoUVMaxAngle: 89
  m_LightmapParameters: {fileID: 0}
  m_SortingLayerID: 0
  m_SortingLayer: 0
  m_SortingOrder: 0
--- !u!1 &4881623822750487194
GameObject:
  m_ObjectHideFlags: 0
  m_CorrespondingSourceObject: {fileID: 0}
  m_PrefabInstance: {fileID: 0}
  m_PrefabAsset: {fileID: 0}
  serializedVersion: 6
  m_Component:
  - component: {fileID: 5844398433831801571}
  - component: {fileID: 2700036808908117851}
  - component: {fileID: 1272396006438424177}
  m_Layer: 9
  m_Name: RoadArea1
  m_TagString: Untagged
  m_Icon: {fileID: 0}
  m_NavMeshLayer: 0
  m_StaticEditorFlags: 0
  m_IsActive: 1
--- !u!4 &5844398433831801571
Transform:
  m_ObjectHideFlags: 0
  m_CorrespondingSourceObject: {fileID: 0}
  m_PrefabInstance: {fileID: 0}
  m_PrefabAsset: {fileID: 0}
  m_GameObject: {fileID: 4881623822750487194}
  m_LocalRotation: {x: -0.7071068, y: 0, z: 0, w: 0.7071068}
  m_LocalPosition: {x: 0, y: -0.01, z: -0.5}
  m_LocalScale: {x: 3, y: 4, z: -0}
  m_Children: []
  m_Father: {fileID: 4701693019082084}
  m_RootOrder: 9
  m_LocalEulerAnglesHint: {x: -90, y: 0, z: 0}
--- !u!33 &2700036808908117851
MeshFilter:
  m_ObjectHideFlags: 0
  m_CorrespondingSourceObject: {fileID: 0}
  m_PrefabInstance: {fileID: 0}
  m_PrefabAsset: {fileID: 0}
  m_GameObject: {fileID: 4881623822750487194}
  m_Mesh: {fileID: 10210, guid: 0000000000000000e000000000000000, type: 0}
--- !u!23 &1272396006438424177
MeshRenderer:
  m_ObjectHideFlags: 0
  m_CorrespondingSourceObject: {fileID: 0}
  m_PrefabInstance: {fileID: 0}
  m_PrefabAsset: {fileID: 0}
  m_GameObject: {fileID: 4881623822750487194}
  m_Enabled: 1
  m_CastShadows: 0
  m_ReceiveShadows: 1
  m_DynamicOccludee: 1
  m_MotionVectors: 1
  m_LightProbeUsage: 0
  m_ReflectionProbeUsage: 0
  m_RenderingLayerMask: 1
  m_RendererPriority: 0
  m_Materials:
  - {fileID: 2100000, guid: 679cd02ef4678d94296f3eb95614dc04, type: 2}
  m_StaticBatchInfo:
    firstSubMesh: 0
    subMeshCount: 0
  m_StaticBatchRoot: {fileID: 0}
  m_ProbeAnchor: {fileID: 0}
  m_LightProbeVolumeOverride: {fileID: 0}
  m_ScaleInLightmap: 1
  m_PreserveUVs: 0
  m_IgnoreNormalsForChartDetection: 0
  m_ImportantGI: 0
  m_StitchLightmapSeams: 0
  m_SelectedEditorRenderState: 3
  m_MinimumChartSize: 4
  m_AutoUVMaxDistance: 0.5
  m_AutoUVMaxAngle: 89
  m_LightmapParameters: {fileID: 0}
  m_SortingLayerID: 0
  m_SortingLayer: 0
  m_SortingOrder: 0
--- !u!1 &5146524661454138733
GameObject:
  m_ObjectHideFlags: 0
  m_CorrespondingSourceObject: {fileID: 0}
  m_PrefabInstance: {fileID: 0}
  m_PrefabAsset: {fileID: 0}
  serializedVersion: 6
  m_Component:
  - component: {fileID: 1059984624683338989}
  - component: {fileID: 5435073822352111453}
  - component: {fileID: 9067074756322018304}
  m_Layer: 0
  m_Name: Road31
  m_TagString: Untagged
  m_Icon: {fileID: 0}
  m_NavMeshLayer: 0
  m_StaticEditorFlags: 0
  m_IsActive: 1
--- !u!4 &1059984624683338989
Transform:
  m_ObjectHideFlags: 0
  m_CorrespondingSourceObject: {fileID: 0}
  m_PrefabInstance: {fileID: 0}
  m_PrefabAsset: {fileID: 0}
  m_GameObject: {fileID: 5146524661454138733}
  m_LocalRotation: {x: 0.7071068, y: -0, z: -0, w: 0.7071068}
  m_LocalPosition: {x: -1, y: 0, z: -1}
  m_LocalScale: {x: 1, y: 3, z: 1.0000005}
  m_Children: []
  m_Father: {fileID: 4701693019082084}
  m_RootOrder: 7
  m_LocalEulerAnglesHint: {x: 90, y: 0, z: 0}
--- !u!33 &5435073822352111453
MeshFilter:
  m_ObjectHideFlags: 0
  m_CorrespondingSourceObject: {fileID: 0}
  m_PrefabInstance: {fileID: 0}
  m_PrefabAsset: {fileID: 0}
  m_GameObject: {fileID: 5146524661454138733}
  m_Mesh: {fileID: 10210, guid: 0000000000000000e000000000000000, type: 0}
--- !u!23 &9067074756322018304
MeshRenderer:
  m_ObjectHideFlags: 0
  m_CorrespondingSourceObject: {fileID: 0}
  m_PrefabInstance: {fileID: 0}
  m_PrefabAsset: {fileID: 0}
  m_GameObject: {fileID: 5146524661454138733}
  m_Enabled: 1
  m_CastShadows: 0
  m_ReceiveShadows: 1
  m_DynamicOccludee: 1
  m_MotionVectors: 1
  m_LightProbeUsage: 0
  m_ReflectionProbeUsage: 0
  m_RenderingLayerMask: 1
  m_RendererPriority: 0
  m_Materials:
  - {fileID: 2100000, guid: 0189159ccb0a93b45ae4b846d94fb961, type: 2}
  m_StaticBatchInfo:
    firstSubMesh: 0
    subMeshCount: 0
  m_StaticBatchRoot: {fileID: 0}
  m_ProbeAnchor: {fileID: 0}
  m_LightProbeVolumeOverride: {fileID: 0}
  m_ScaleInLightmap: 1
  m_PreserveUVs: 0
  m_IgnoreNormalsForChartDetection: 0
  m_ImportantGI: 0
  m_StitchLightmapSeams: 0
  m_SelectedEditorRenderState: 3
  m_MinimumChartSize: 4
  m_AutoUVMaxDistance: 0.5
  m_AutoUVMaxAngle: 89
  m_LightmapParameters: {fileID: 0}
  m_SortingLayerID: 0
  m_SortingLayer: 0
  m_SortingOrder: 0
--- !u!1 &5752380286949327242
GameObject:
  m_ObjectHideFlags: 0
  m_CorrespondingSourceObject: {fileID: 0}
  m_PrefabInstance: {fileID: 0}
  m_PrefabAsset: {fileID: 0}
  serializedVersion: 6
  m_Component:
  - component: {fileID: 1351651533894304519}
  - component: {fileID: 5378942756064465023}
  - component: {fileID: 1161269667961747555}
  m_Layer: 9
  m_Name: RoadArea2
  m_TagString: Untagged
  m_Icon: {fileID: 0}
  m_NavMeshLayer: 0
  m_StaticEditorFlags: 0
  m_IsActive: 1
--- !u!4 &1351651533894304519
Transform:
  m_ObjectHideFlags: 0
  m_CorrespondingSourceObject: {fileID: 0}
  m_PrefabInstance: {fileID: 0}
  m_PrefabAsset: {fileID: 0}
  m_GameObject: {fileID: 5752380286949327242}
  m_LocalRotation: {x: -0.7071068, y: 0, z: 0, w: 0.7071068}
  m_LocalPosition: {x: 0.5, y: -0.01, z: 0}
  m_LocalScale: {x: 4, y: 3, z: -0}
  m_Children: []
  m_Father: {fileID: 4701693019082084}
  m_RootOrder: 10
  m_LocalEulerAnglesHint: {x: -90, y: 0, z: 0}
--- !u!33 &5378942756064465023
MeshFilter:
  m_ObjectHideFlags: 0
  m_CorrespondingSourceObject: {fileID: 0}
  m_PrefabInstance: {fileID: 0}
  m_PrefabAsset: {fileID: 0}
  m_GameObject: {fileID: 5752380286949327242}
  m_Mesh: {fileID: 10210, guid: 0000000000000000e000000000000000, type: 0}
--- !u!23 &1161269667961747555
MeshRenderer:
  m_ObjectHideFlags: 0
  m_CorrespondingSourceObject: {fileID: 0}
  m_PrefabInstance: {fileID: 0}
  m_PrefabAsset: {fileID: 0}
  m_GameObject: {fileID: 5752380286949327242}
  m_Enabled: 1
  m_CastShadows: 0
  m_ReceiveShadows: 1
  m_DynamicOccludee: 1
  m_MotionVectors: 1
  m_LightProbeUsage: 0
  m_ReflectionProbeUsage: 0
  m_RenderingLayerMask: 1
  m_RendererPriority: 0
  m_Materials:
  - {fileID: 2100000, guid: 679cd02ef4678d94296f3eb95614dc04, type: 2}
  m_StaticBatchInfo:
    firstSubMesh: 0
    subMeshCount: 0
  m_StaticBatchRoot: {fileID: 0}
  m_ProbeAnchor: {fileID: 0}
  m_LightProbeVolumeOverride: {fileID: 0}
  m_ScaleInLightmap: 1
  m_PreserveUVs: 0
  m_IgnoreNormalsForChartDetection: 0
  m_ImportantGI: 0
  m_StitchLightmapSeams: 0
  m_SelectedEditorRenderState: 3
  m_MinimumChartSize: 4
  m_AutoUVMaxDistance: 0.5
  m_AutoUVMaxAngle: 89
  m_LightmapParameters: {fileID: 0}
  m_SortingLayerID: 0
  m_SortingLayer: 0
  m_SortingOrder: 0
--- !u!1 &6260105444236646248
GameObject:
  m_ObjectHideFlags: 0
  m_CorrespondingSourceObject: {fileID: 0}
  m_PrefabInstance: {fileID: 0}
  m_PrefabAsset: {fileID: 0}
  serializedVersion: 6
  m_Component:
  - component: {fileID: 3833834699511177697}
  m_Layer: 0
  m_Name: Props
  m_TagString: Untagged
  m_Icon: {fileID: 0}
  m_NavMeshLayer: 0
  m_StaticEditorFlags: 0
  m_IsActive: 1
--- !u!4 &3833834699511177697
Transform:
  m_ObjectHideFlags: 0
  m_CorrespondingSourceObject: {fileID: 0}
  m_PrefabInstance: {fileID: 0}
  m_PrefabAsset: {fileID: 0}
  m_GameObject: {fileID: 6260105444236646248}
  m_LocalRotation: {x: -0, y: -0, z: -0, w: 1}
  m_LocalPosition: {x: 0, y: 0, z: 0}
  m_LocalScale: {x: 1, y: 1, z: 1}
  m_Children:
  - {fileID: 7727474453271562749}
  m_Father: {fileID: 4701693019082084}
  m_RootOrder: 13
  m_LocalEulerAnglesHint: {x: 0, y: 0, z: 0}
--- !u!1 &6275761537807610400
GameObject:
  m_ObjectHideFlags: 0
  m_CorrespondingSourceObject: {fileID: 0}
  m_PrefabInstance: {fileID: 0}
  m_PrefabAsset: {fileID: 0}
  serializedVersion: 6
  m_Component:
  - component: {fileID: 9184970475471803030}
  - component: {fileID: 6220394250856901253}
  - component: {fileID: 8542938790820501492}
  m_Layer: 0
  m_Name: Road12
  m_TagString: Untagged
  m_Icon: {fileID: 0}
  m_NavMeshLayer: 0
  m_StaticEditorFlags: 0
  m_IsActive: 0
--- !u!4 &9184970475471803030
Transform:
  m_ObjectHideFlags: 0
  m_CorrespondingSourceObject: {fileID: 0}
  m_PrefabInstance: {fileID: 0}
  m_PrefabAsset: {fileID: 0}
  m_GameObject: {fileID: 6275761537807610400}
  m_LocalRotation: {x: 0.7071068, y: -0, z: -0, w: 0.7071068}
  m_LocalPosition: {x: 1, y: 0, z: 0}
  m_LocalScale: {x: 3, y: 1.0000005, z: 1.0000005}
  m_Children: []
  m_Father: {fileID: 4701693019082084}
  m_RootOrder: 4
  m_LocalEulerAnglesHint: {x: 90, y: 0, z: 0}
--- !u!33 &6220394250856901253
MeshFilter:
  m_ObjectHideFlags: 0
  m_CorrespondingSourceObject: {fileID: 0}
  m_PrefabInstance: {fileID: 0}
  m_PrefabAsset: {fileID: 0}
  m_GameObject: {fileID: 6275761537807610400}
  m_Mesh: {fileID: 10210, guid: 0000000000000000e000000000000000, type: 0}
--- !u!23 &8542938790820501492
MeshRenderer:
  m_ObjectHideFlags: 0
  m_CorrespondingSourceObject: {fileID: 0}
  m_PrefabInstance: {fileID: 0}
  m_PrefabAsset: {fileID: 0}
  m_GameObject: {fileID: 6275761537807610400}
  m_Enabled: 1
  m_CastShadows: 0
  m_ReceiveShadows: 1
  m_DynamicOccludee: 1
  m_MotionVectors: 1
  m_LightProbeUsage: 0
  m_ReflectionProbeUsage: 0
  m_RenderingLayerMask: 1
  m_RendererPriority: 0
  m_Materials:
  - {fileID: 2100000, guid: 212270c11ed8a874d9d1169f11e36dba, type: 2}
  m_StaticBatchInfo:
    firstSubMesh: 0
    subMeshCount: 0
  m_StaticBatchRoot: {fileID: 0}
  m_ProbeAnchor: {fileID: 0}
  m_LightProbeVolumeOverride: {fileID: 0}
  m_ScaleInLightmap: 1
  m_PreserveUVs: 0
  m_IgnoreNormalsForChartDetection: 0
  m_ImportantGI: 0
  m_StitchLightmapSeams: 0
  m_SelectedEditorRenderState: 3
  m_MinimumChartSize: 4
  m_AutoUVMaxDistance: 0.5
  m_AutoUVMaxAngle: 89
  m_LightmapParameters: {fileID: 0}
  m_SortingLayerID: 0
  m_SortingLayer: 0
  m_SortingOrder: 0
--- !u!1001 &404058921265597074
PrefabInstance:
  m_ObjectHideFlags: 0
  serializedVersion: 2
  m_Modification:
    m_TransformParent: {fileID: 7727474453271562749}
    m_Modifications:
    - target: {fileID: 1055123719538216, guid: 0452b8b5dd553b6418a1a0175afbcbf2, type: 3}
      propertyPath: m_Name
      value: VG_Grass (4)
      objectReference: {fileID: 0}
    - target: {fileID: 4902188134786160, guid: 0452b8b5dd553b6418a1a0175afbcbf2, type: 3}
      propertyPath: m_LocalPosition.x
      value: -0.13
      objectReference: {fileID: 0}
    - target: {fileID: 4902188134786160, guid: 0452b8b5dd553b6418a1a0175afbcbf2, type: 3}
      propertyPath: m_LocalPosition.y
      value: 0
      objectReference: {fileID: 0}
    - target: {fileID: 4902188134786160, guid: 0452b8b5dd553b6418a1a0175afbcbf2, type: 3}
      propertyPath: m_LocalPosition.z
      value: 1.92
      objectReference: {fileID: 0}
    - target: {fileID: 4902188134786160, guid: 0452b8b5dd553b6418a1a0175afbcbf2, type: 3}
      propertyPath: m_LocalRotation.x
      value: -0
      objectReference: {fileID: 0}
    - target: {fileID: 4902188134786160, guid: 0452b8b5dd553b6418a1a0175afbcbf2, type: 3}
      propertyPath: m_LocalRotation.y
      value: 0.96126175
      objectReference: {fileID: 0}
    - target: {fileID: 4902188134786160, guid: 0452b8b5dd553b6418a1a0175afbcbf2, type: 3}
      propertyPath: m_LocalRotation.z
      value: -0
      objectReference: {fileID: 0}
    - target: {fileID: 4902188134786160, guid: 0452b8b5dd553b6418a1a0175afbcbf2, type: 3}
      propertyPath: m_LocalRotation.w
      value: -0.27563733
      objectReference: {fileID: 0}
    - target: {fileID: 4902188134786160, guid: 0452b8b5dd553b6418a1a0175afbcbf2, type: 3}
      propertyPath: m_RootOrder
      value: 3
      objectReference: {fileID: 0}
    - target: {fileID: 4902188134786160, guid: 0452b8b5dd553b6418a1a0175afbcbf2, type: 3}
      propertyPath: m_LocalEulerAnglesHint.x
      value: 0
      objectReference: {fileID: 0}
    - target: {fileID: 4902188134786160, guid: 0452b8b5dd553b6418a1a0175afbcbf2, type: 3}
      propertyPath: m_LocalEulerAnglesHint.y
      value: 212
      objectReference: {fileID: 0}
    - target: {fileID: 4902188134786160, guid: 0452b8b5dd553b6418a1a0175afbcbf2, type: 3}
      propertyPath: m_LocalEulerAnglesHint.z
      value: 0
      objectReference: {fileID: 0}
    - target: {fileID: 4902188134786160, guid: 0452b8b5dd553b6418a1a0175afbcbf2, type: 3}
      propertyPath: m_LocalScale.x
      value: 0.3000002
      objectReference: {fileID: 0}
    - target: {fileID: 4902188134786160, guid: 0452b8b5dd553b6418a1a0175afbcbf2, type: 3}
      propertyPath: m_LocalScale.y
      value: 0.29999998
      objectReference: {fileID: 0}
    - target: {fileID: 4902188134786160, guid: 0452b8b5dd553b6418a1a0175afbcbf2, type: 3}
      propertyPath: m_LocalScale.z
      value: 0.3000002
      objectReference: {fileID: 0}
    m_RemovedComponents: []
  m_SourcePrefab: {fileID: 100100000, guid: 0452b8b5dd553b6418a1a0175afbcbf2, type: 3}
--- !u!4 &399390937970142946 stripped
Transform:
  m_CorrespondingSourceObject: {fileID: 4902188134786160, guid: 0452b8b5dd553b6418a1a0175afbcbf2,
    type: 3}
  m_PrefabInstance: {fileID: 404058921265597074}
  m_PrefabAsset: {fileID: 0}
--- !u!1001 &4370956840678418961
PrefabInstance:
  m_ObjectHideFlags: 0
  serializedVersion: 2
  m_Modification:
    m_TransformParent: {fileID: 7727474453271562749}
    m_Modifications:
    - target: {fileID: 1055123719538216, guid: 0452b8b5dd553b6418a1a0175afbcbf2, type: 3}
      propertyPath: m_Name
      value: VG_Grass (1)
      objectReference: {fileID: 0}
    - target: {fileID: 4902188134786160, guid: 0452b8b5dd553b6418a1a0175afbcbf2, type: 3}
      propertyPath: m_LocalPosition.x
      value: -2.04
      objectReference: {fileID: 0}
    - target: {fileID: 4902188134786160, guid: 0452b8b5dd553b6418a1a0175afbcbf2, type: 3}
      propertyPath: m_LocalPosition.y
      value: 0
      objectReference: {fileID: 0}
    - target: {fileID: 4902188134786160, guid: 0452b8b5dd553b6418a1a0175afbcbf2, type: 3}
      propertyPath: m_LocalPosition.z
      value: -1.94
      objectReference: {fileID: 0}
    - target: {fileID: 4902188134786160, guid: 0452b8b5dd553b6418a1a0175afbcbf2, type: 3}
      propertyPath: m_LocalRotation.x
      value: -0
      objectReference: {fileID: 0}
    - target: {fileID: 4902188134786160, guid: 0452b8b5dd553b6418a1a0175afbcbf2, type: 3}
      propertyPath: m_LocalRotation.y
      value: 0.7071068
      objectReference: {fileID: 0}
    - target: {fileID: 4902188134786160, guid: 0452b8b5dd553b6418a1a0175afbcbf2, type: 3}
      propertyPath: m_LocalRotation.z
      value: -0
      objectReference: {fileID: 0}
    - target: {fileID: 4902188134786160, guid: 0452b8b5dd553b6418a1a0175afbcbf2, type: 3}
      propertyPath: m_LocalRotation.w
      value: 0.7071068
      objectReference: {fileID: 0}
    - target: {fileID: 4902188134786160, guid: 0452b8b5dd553b6418a1a0175afbcbf2, type: 3}
      propertyPath: m_RootOrder
      value: 1
      objectReference: {fileID: 0}
    - target: {fileID: 4902188134786160, guid: 0452b8b5dd553b6418a1a0175afbcbf2, type: 3}
      propertyPath: m_LocalEulerAnglesHint.x
      value: 0
      objectReference: {fileID: 0}
    - target: {fileID: 4902188134786160, guid: 0452b8b5dd553b6418a1a0175afbcbf2, type: 3}
      propertyPath: m_LocalEulerAnglesHint.y
      value: 90
      objectReference: {fileID: 0}
    - target: {fileID: 4902188134786160, guid: 0452b8b5dd553b6418a1a0175afbcbf2, type: 3}
      propertyPath: m_LocalEulerAnglesHint.z
      value: 0
      objectReference: {fileID: 0}
    - target: {fileID: 4902188134786160, guid: 0452b8b5dd553b6418a1a0175afbcbf2, type: 3}
      propertyPath: m_LocalScale.x
      value: 0.3000002
      objectReference: {fileID: 0}
    - target: {fileID: 4902188134786160, guid: 0452b8b5dd553b6418a1a0175afbcbf2, type: 3}
      propertyPath: m_LocalScale.y
      value: 0.3
      objectReference: {fileID: 0}
    - target: {fileID: 4902188134786160, guid: 0452b8b5dd553b6418a1a0175afbcbf2, type: 3}
      propertyPath: m_LocalScale.z
      value: 0.3000002
      objectReference: {fileID: 0}
    m_RemovedComponents: []
  m_SourcePrefab: {fileID: 100100000, guid: 0452b8b5dd553b6418a1a0175afbcbf2, type: 3}
--- !u!4 &4375713870993821281 stripped
Transform:
  m_CorrespondingSourceObject: {fileID: 4902188134786160, guid: 0452b8b5dd553b6418a1a0175afbcbf2,
    type: 3}
  m_PrefabInstance: {fileID: 4370956840678418961}
  m_PrefabAsset: {fileID: 0}
--- !u!1001 &6185685515837408829
PrefabInstance:
  m_ObjectHideFlags: 0
  serializedVersion: 2
  m_Modification:
    m_TransformParent: {fileID: 7727474453271562749}
    m_Modifications:
    - target: {fileID: 1055123719538216, guid: 0452b8b5dd553b6418a1a0175afbcbf2, type: 3}
      propertyPath: m_Name
      value: VG_Grass (2)
      objectReference: {fileID: 0}
    - target: {fileID: 4902188134786160, guid: 0452b8b5dd553b6418a1a0175afbcbf2, type: 3}
      propertyPath: m_LocalPosition.x
      value: -1.91
      objectReference: {fileID: 0}
    - target: {fileID: 4902188134786160, guid: 0452b8b5dd553b6418a1a0175afbcbf2, type: 3}
      propertyPath: m_LocalPosition.y
      value: 0
      objectReference: {fileID: 0}
    - target: {fileID: 4902188134786160, guid: 0452b8b5dd553b6418a1a0175afbcbf2, type: 3}
      propertyPath: m_LocalPosition.z
      value: -0.36
      objectReference: {fileID: 0}
    - target: {fileID: 4902188134786160, guid: 0452b8b5dd553b6418a1a0175afbcbf2, type: 3}
      propertyPath: m_LocalRotation.x
      value: -0
      objectReference: {fileID: 0}
    - target: {fileID: 4902188134786160, guid: 0452b8b5dd553b6418a1a0175afbcbf2, type: 3}
      propertyPath: m_LocalRotation.y
      value: 0.42498952
      objectReference: {fileID: 0}
    - target: {fileID: 4902188134786160, guid: 0452b8b5dd553b6418a1a0175afbcbf2, type: 3}
      propertyPath: m_LocalRotation.z
      value: -0
      objectReference: {fileID: 0}
    - target: {fileID: 4902188134786160, guid: 0452b8b5dd553b6418a1a0175afbcbf2, type: 3}
      propertyPath: m_LocalRotation.w
      value: 0.9051983
      objectReference: {fileID: 0}
    - target: {fileID: 4902188134786160, guid: 0452b8b5dd553b6418a1a0175afbcbf2, type: 3}
      propertyPath: m_RootOrder
      value: 2
      objectReference: {fileID: 0}
    - target: {fileID: 4902188134786160, guid: 0452b8b5dd553b6418a1a0175afbcbf2, type: 3}
      propertyPath: m_LocalEulerAnglesHint.x
      value: 0
      objectReference: {fileID: 0}
    - target: {fileID: 4902188134786160, guid: 0452b8b5dd553b6418a1a0175afbcbf2, type: 3}
      propertyPath: m_LocalEulerAnglesHint.y
      value: 50.3
      objectReference: {fileID: 0}
    - target: {fileID: 4902188134786160, guid: 0452b8b5dd553b6418a1a0175afbcbf2, type: 3}
      propertyPath: m_LocalEulerAnglesHint.z
      value: 0
      objectReference: {fileID: 0}
    - target: {fileID: 4902188134786160, guid: 0452b8b5dd553b6418a1a0175afbcbf2, type: 3}
      propertyPath: m_LocalScale.x
      value: 0.30000007
      objectReference: {fileID: 0}
    - target: {fileID: 4902188134786160, guid: 0452b8b5dd553b6418a1a0175afbcbf2, type: 3}
      propertyPath: m_LocalScale.y
      value: 0.29999998
      objectReference: {fileID: 0}
    - target: {fileID: 4902188134786160, guid: 0452b8b5dd553b6418a1a0175afbcbf2, type: 3}
      propertyPath: m_LocalScale.z
      value: 0.30000007
      objectReference: {fileID: 0}
    m_RemovedComponents: []
  m_SourcePrefab: {fileID: 100100000, guid: 0452b8b5dd553b6418a1a0175afbcbf2, type: 3}
--- !u!4 &6180788855598342733 stripped
Transform:
  m_CorrespondingSourceObject: {fileID: 4902188134786160, guid: 0452b8b5dd553b6418a1a0175afbcbf2,
    type: 3}
  m_PrefabInstance: {fileID: 6185685515837408829}
  m_PrefabAsset: {fileID: 0}
--- !u!1001 &7198434090897216918
PrefabInstance:
  m_ObjectHideFlags: 0
  serializedVersion: 2
  m_Modification:
    m_TransformParent: {fileID: 7727474453271562749}
    m_Modifications:
    - target: {fileID: 1055123719538216, guid: 0452b8b5dd553b6418a1a0175afbcbf2, type: 3}
      propertyPath: m_Name
      value: VG_Grass
      objectReference: {fileID: 0}
    - target: {fileID: 4902188134786160, guid: 0452b8b5dd553b6418a1a0175afbcbf2, type: 3}
      propertyPath: m_LocalPosition.x
      value: 2.08
      objectReference: {fileID: 0}
    - target: {fileID: 4902188134786160, guid: 0452b8b5dd553b6418a1a0175afbcbf2, type: 3}
      propertyPath: m_LocalPosition.y
      value: 0
      objectReference: {fileID: 0}
    - target: {fileID: 4902188134786160, guid: 0452b8b5dd553b6418a1a0175afbcbf2, type: 3}
      propertyPath: m_LocalPosition.z
      value: -1.93
      objectReference: {fileID: 0}
    - target: {fileID: 4902188134786160, guid: 0452b8b5dd553b6418a1a0175afbcbf2, type: 3}
      propertyPath: m_LocalRotation.x
      value: -0
      objectReference: {fileID: 0}
    - target: {fileID: 4902188134786160, guid: 0452b8b5dd553b6418a1a0175afbcbf2, type: 3}
      propertyPath: m_LocalRotation.y
      value: 0.18223555
      objectReference: {fileID: 0}
    - target: {fileID: 4902188134786160, guid: 0452b8b5dd553b6418a1a0175afbcbf2, type: 3}
      propertyPath: m_LocalRotation.z
      value: -0
      objectReference: {fileID: 0}
    - target: {fileID: 4902188134786160, guid: 0452b8b5dd553b6418a1a0175afbcbf2, type: 3}
      propertyPath: m_LocalRotation.w
      value: 0.9832549
      objectReference: {fileID: 0}
    - target: {fileID: 4902188134786160, guid: 0452b8b5dd553b6418a1a0175afbcbf2, type: 3}
      propertyPath: m_RootOrder
      value: 0
      objectReference: {fileID: 0}
    - target: {fileID: 4902188134786160, guid: 0452b8b5dd553b6418a1a0175afbcbf2, type: 3}
      propertyPath: m_LocalEulerAnglesHint.x
      value: 0
      objectReference: {fileID: 0}
    - target: {fileID: 4902188134786160, guid: 0452b8b5dd553b6418a1a0175afbcbf2, type: 3}
      propertyPath: m_LocalEulerAnglesHint.y
      value: 21
      objectReference: {fileID: 0}
    - target: {fileID: 4902188134786160, guid: 0452b8b5dd553b6418a1a0175afbcbf2, type: 3}
      propertyPath: m_LocalEulerAnglesHint.z
      value: 0
      objectReference: {fileID: 0}
    - target: {fileID: 4902188134786160, guid: 0452b8b5dd553b6418a1a0175afbcbf2, type: 3}
      propertyPath: m_LocalScale.x
      value: 0.3
      objectReference: {fileID: 0}
    - target: {fileID: 4902188134786160, guid: 0452b8b5dd553b6418a1a0175afbcbf2, type: 3}
      propertyPath: m_LocalScale.y
      value: 0.3
      objectReference: {fileID: 0}
    - target: {fileID: 4902188134786160, guid: 0452b8b5dd553b6418a1a0175afbcbf2, type: 3}
      propertyPath: m_LocalScale.z
      value: 0.3
      objectReference: {fileID: 0}
    m_RemovedComponents: []
  m_SourcePrefab: {fileID: 100100000, guid: 0452b8b5dd553b6418a1a0175afbcbf2, type: 3}
--- !u!4 &7202543509190537702 stripped
Transform:
  m_CorrespondingSourceObject: {fileID: 4902188134786160, guid: 0452b8b5dd553b6418a1a0175afbcbf2,
    type: 3}
  m_PrefabInstance: {fileID: 7198434090897216918}
  m_PrefabAsset: {fileID: 0}
--- !u!1001 &7399632586831052520
PrefabInstance:
  m_ObjectHideFlags: 0
  serializedVersion: 2
  m_Modification:
    m_TransformParent: {fileID: 4701693019082084}
    m_Modifications:
    - target: {fileID: 5230095961864193297, guid: 15b327e34bba0604db9d331af22ab8cc,
        type: 3}
      propertyPath: m_Name
      value: RoadModel
      objectReference: {fileID: 0}
    - target: {fileID: 4674383626881491356, guid: 15b327e34bba0604db9d331af22ab8cc,
        type: 3}
      propertyPath: m_LocalPosition.x
      value: 0
      objectReference: {fileID: 0}
    - target: {fileID: 4674383626881491356, guid: 15b327e34bba0604db9d331af22ab8cc,
        type: 3}
      propertyPath: m_LocalPosition.y
      value: 0
      objectReference: {fileID: 0}
    - target: {fileID: 4674383626881491356, guid: 15b327e34bba0604db9d331af22ab8cc,
        type: 3}
      propertyPath: m_LocalPosition.z
      value: 0
      objectReference: {fileID: 0}
    - target: {fileID: 4674383626881491356, guid: 15b327e34bba0604db9d331af22ab8cc,
        type: 3}
      propertyPath: m_LocalRotation.x
      value: 0
      objectReference: {fileID: 0}
    - target: {fileID: 4674383626881491356, guid: 15b327e34bba0604db9d331af22ab8cc,
        type: 3}
      propertyPath: m_LocalRotation.y
      value: 0
      objectReference: {fileID: 0}
    - target: {fileID: 4674383626881491356, guid: 15b327e34bba0604db9d331af22ab8cc,
        type: 3}
      propertyPath: m_LocalRotation.z
      value: 0
      objectReference: {fileID: 0}
    - target: {fileID: 4674383626881491356, guid: 15b327e34bba0604db9d331af22ab8cc,
        type: 3}
      propertyPath: m_LocalRotation.w
      value: 1
      objectReference: {fileID: 0}
    - target: {fileID: 4674383626881491356, guid: 15b327e34bba0604db9d331af22ab8cc,
        type: 3}
      propertyPath: m_RootOrder
      value: 12
      objectReference: {fileID: 0}
    - target: {fileID: 4674383626881491356, guid: 15b327e34bba0604db9d331af22ab8cc,
        type: 3}
      propertyPath: m_LocalEulerAnglesHint.x
      value: 0
      objectReference: {fileID: 0}
    - target: {fileID: 4674383626881491356, guid: 15b327e34bba0604db9d331af22ab8cc,
        type: 3}
      propertyPath: m_LocalEulerAnglesHint.y
      value: 0
      objectReference: {fileID: 0}
    - target: {fileID: 4674383626881491356, guid: 15b327e34bba0604db9d331af22ab8cc,
        type: 3}
      propertyPath: m_LocalEulerAnglesHint.z
      value: 0
      objectReference: {fileID: 0}
    m_RemovedComponents: []
  m_SourcePrefab: {fileID: 100100000, guid: 15b327e34bba0604db9d331af22ab8cc, type: 3}
--- !u!1 &3325290608966695929 stripped
GameObject:
  m_CorrespondingSourceObject: {fileID: 5230095961864193297, guid: 15b327e34bba0604db9d331af22ab8cc,
    type: 3}
  m_PrefabInstance: {fileID: 7399632586831052520}
  m_PrefabAsset: {fileID: 0}
--- !u!4 &2769284435002285940 stripped
Transform:
  m_CorrespondingSourceObject: {fileID: 4674383626881491356, guid: 15b327e34bba0604db9d331af22ab8cc,
    type: 3}
  m_PrefabInstance: {fileID: 7399632586831052520}
  m_PrefabAsset: {fileID: 0}
--- !u!1001 &7597899945463518768
PrefabInstance:
  m_ObjectHideFlags: 0
  serializedVersion: 2
  m_Modification:
    m_TransformParent: {fileID: 7727474453271562749}
    m_Modifications:
    - target: {fileID: 1055123719538216, guid: 0452b8b5dd553b6418a1a0175afbcbf2, type: 3}
      propertyPath: m_Name
      value: VG_Grass (5)
      objectReference: {fileID: 0}
    - target: {fileID: 4902188134786160, guid: 0452b8b5dd553b6418a1a0175afbcbf2, type: 3}
      propertyPath: m_LocalPosition.x
      value: 1.58
      objectReference: {fileID: 0}
    - target: {fileID: 4902188134786160, guid: 0452b8b5dd553b6418a1a0175afbcbf2, type: 3}
      propertyPath: m_LocalPosition.y
      value: 0
      objectReference: {fileID: 0}
    - target: {fileID: 4902188134786160, guid: 0452b8b5dd553b6418a1a0175afbcbf2, type: 3}
      propertyPath: m_LocalPosition.z
      value: 1.86
      objectReference: {fileID: 0}
    - target: {fileID: 4902188134786160, guid: 0452b8b5dd553b6418a1a0175afbcbf2, type: 3}
      propertyPath: m_LocalRotation.x
      value: -0
      objectReference: {fileID: 0}
    - target: {fileID: 4902188134786160, guid: 0452b8b5dd553b6418a1a0175afbcbf2, type: 3}
      propertyPath: m_LocalRotation.y
      value: -0
      objectReference: {fileID: 0}
    - target: {fileID: 4902188134786160, guid: 0452b8b5dd553b6418a1a0175afbcbf2, type: 3}
      propertyPath: m_LocalRotation.z
      value: -0
      objectReference: {fileID: 0}
    - target: {fileID: 4902188134786160, guid: 0452b8b5dd553b6418a1a0175afbcbf2, type: 3}
      propertyPath: m_LocalRotation.w
      value: 1
      objectReference: {fileID: 0}
    - target: {fileID: 4902188134786160, guid: 0452b8b5dd553b6418a1a0175afbcbf2, type: 3}
      propertyPath: m_RootOrder
      value: 4
      objectReference: {fileID: 0}
    - target: {fileID: 4902188134786160, guid: 0452b8b5dd553b6418a1a0175afbcbf2, type: 3}
      propertyPath: m_LocalEulerAnglesHint.x
      value: 0
      objectReference: {fileID: 0}
    - target: {fileID: 4902188134786160, guid: 0452b8b5dd553b6418a1a0175afbcbf2, type: 3}
      propertyPath: m_LocalEulerAnglesHint.y
      value: 0
      objectReference: {fileID: 0}
    - target: {fileID: 4902188134786160, guid: 0452b8b5dd553b6418a1a0175afbcbf2, type: 3}
      propertyPath: m_LocalEulerAnglesHint.z
      value: 0
      objectReference: {fileID: 0}
    - target: {fileID: 4902188134786160, guid: 0452b8b5dd553b6418a1a0175afbcbf2, type: 3}
      propertyPath: m_LocalScale.x
      value: 0.29999998
      objectReference: {fileID: 0}
    - target: {fileID: 4902188134786160, guid: 0452b8b5dd553b6418a1a0175afbcbf2, type: 3}
      propertyPath: m_LocalScale.y
      value: 0.29999998
      objectReference: {fileID: 0}
    - target: {fileID: 4902188134786160, guid: 0452b8b5dd553b6418a1a0175afbcbf2, type: 3}
      propertyPath: m_LocalScale.z
      value: 0.29999998
      objectReference: {fileID: 0}
    m_RemovedComponents: []
  m_SourcePrefab: {fileID: 100100000, guid: 0452b8b5dd553b6418a1a0175afbcbf2, type: 3}
--- !u!4 &7593142901659759168 stripped
Transform:
  m_CorrespondingSourceObject: {fileID: 4902188134786160, guid: 0452b8b5dd553b6418a1a0175afbcbf2,
    type: 3}
  m_PrefabInstance: {fileID: 7597899945463518768}
  m_PrefabAsset: {fileID: 0}
